<?xml version="1.0" encoding="UTF-8"?>
<!DOCTYPE html PUBLIC "-//W3C//DTD XHTML 1.0 Transitional//EN"
    "http://www.w3.org/TR/xhtml1/DTD/xhtml1-transitional.dtd">
<html xmlns="http://www.w3.org/1999/xhtml" xml:lang="en" lang="en">
 <head>
  <title>
</title>
<meta http-equiv="Content-Type" content="text/html;charset=utf-8" />
  <meta name='ocr-system' content='tesseract 3.04.00' />
  <meta name='ocr-capabilities' content='ocr_page ocr_carea ocr_par ocr_line ocrx_word'/>
</head>
<body>
  <div class='ocr_page' id='page_1' title='image "./operaexdoctorum00ausogoog_0271.png"; bbox 0 0 2278 3794; ppageno 0'>
   <div class='ocr_carea' id='block_1_1' title="bbox 706 269 1835 419">
    <p class='ocr_par' dir='ltr' id='par_1_1' title="bbox 706 269 1835 419">
     <span class='ocr_line' id='line_1_1' title="bbox 706 269 1835 419; baseline 0.002 -40"><span class='ocrx_word' id='word_1_1' title='bbox 706 269 1455 419; x_wconf 48' lang='lat' dir='ltr'>Eulsfromssf</span> <span class='ocrx_word' id='word_1_2' title='bbox 1722 322 1835 395; x_wconf 56' lang='grc' dir='ltr'>περ</span> 
     </span>
    </p>
   </div>
   <div class='ocr_carea' id='block_1_2' title="bbox 247 468 1839 2362">
    <p class='ocr_par' dir='ltr' id='par_1_2' title="bbox 277 468 1591 551">
     <span class='ocr_line' id='line_1_2' title="bbox 277 468 1591 551; baseline -0.002 -16"><span class='ocrx_word' id='word_1_3' title='bbox 277 470 484 551; x_wconf 79' lang='lat' dir='ltr'>Aspera</span> <span class='ocrx_word' id='word_1_4' title='bbox 515 488 638 547; x_wconf 84' lang='lat' dir='ltr'>quae</span> <span class='ocrx_word' id='word_1_5' title='bbox 663 469 818 531; x_wconf 82' lang='lat' dir='ltr'>testis</span> <span class='ocrx_word' id='word_1_6' title='bbox 836 514 854 540; x_wconf 89' lang='lat'>‚</span> <span class='ocrx_word' id='word_1_7' title='bbox 897 472 950 529; x_wconf 71' lang='grc' dir='ltr'>ἃ</span> <span class='ocrx_word' id='word_1_8' title='bbox 973 468 1157 529; x_wconf 79' lang='lat' dir='ltr'>dulcia</span> <span class='ocrx_word' id='word_1_9' title='bbox 1176 469 1337 531; x_wconf 74' lang='lat' dir='ltr'>farris</span> <span class='ocrx_word' id='word_1_10' title='bbox 1366 469 1591 547; x_wconf 81' lang='lat' dir='ltr'>opimae.</span> 
     </span>
    </p>

    <p class='ocr_par' dir='ltr' id='par_1_3' title="bbox 277 554 1637 647">
     <span class='ocr_line' id='line_1_3' title="bbox 277 554 1637 647; baseline -0.001 -13"><span class='ocrx_word' id='word_1_11' title='bbox 277 572 422 635; x_wconf 87' lang='lat' dir='ltr'>Sunt</span> <span class='ocrx_word' id='word_1_12' title='bbox 441 575 495 633; x_wconf 74' lang='grc' dir='ltr'>ἃ</span> <span class='ocrx_word' id='word_1_13' title='bbox 523 554 833 633; x_wconf 57' lang='lat' dir='ltr'>Aremorici</span> <span class='ocrx_word' id='word_1_14' title='bbox 859 570 955 646; x_wconf 86' lang='lat' dir='ltr'>qui</span> <span class='ocrx_word' id='word_1_15' title='bbox 974 568 1207 631; x_wconf 79' lang='lat' dir='ltr'>laudent</span> <span class='ocrx_word' id='word_1_16' title='bbox 1224 569 1419 632; x_wconf 82' lang='lat' dir='ltr'>Ostrea</span> <span class='ocrx_word' id='word_1_17' title='bbox 1437 571 1599 647; x_wconf 88' lang='lat' dir='ltr'>ponti</span> <span class='ocrx_word' id='word_1_18' title='bbox 1620 590 1637 633; x_wconf 76' lang='lat' dir='ltr'>t</span> 
     </span>
    </p>

    <p class='ocr_par' dir='ltr' id='par_1_4' title="bbox 277 668 1683 749">
     <span class='ocr_line' id='line_1_4' title="bbox 277 668 1683 749; baseline -0.004 -12"><span class='ocrx_word' id='word_1_19' title='bbox 277 674 351 738; x_wconf 88' lang='lat' dir='ltr'>Et</span> <span class='ocrx_word' id='word_1_20' title='bbox 372 692 494 749; x_wconf 87' lang='lat' dir='ltr'>quae</span> <span class='ocrx_word' id='word_1_21' title='bbox 515 670 786 733; x_wconf 61' lang='lat' dir='ltr'>Pictonici</span> <span class='ocrx_word' id='word_1_22' title='bbox 806 668 942 747; x_wconf 80' lang='lat' dir='ltr'>legit</span> <span class='ocrx_word' id='word_1_23' title='bbox 961 670 1157 732; x_wconf 77' lang='lat' dir='ltr'>accola</span> <span class='ocrx_word' id='word_1_24' title='bbox 1179 669 1424 732; x_wconf 86' lang='lat' dir='ltr'>littoris:</span> <span class='ocrx_word' id='word_1_25' title='bbox 1470 674 1524 732; x_wconf 68' lang='grc' dir='ltr'>ἃ.</span> <span class='ocrx_word' id='word_1_26' title='bbox 1558 691 1683 747; x_wconf 81' lang='lat' dir='ltr'>quae</span> 
     </span>
    </p>

    <p class='ocr_par' dir='ltr' id='par_1_5' title="bbox 278 771 1719 849">
     <span class='ocr_line' id='line_1_5' title="bbox 278 771 1719 849; baseline -0.001 -14"><span class='ocrx_word' id='word_1_27' title='bbox 278 774 432 836; x_wconf 80' lang='lat' dir='ltr'>Mira</span> <span class='ocrx_word' id='word_1_28' title='bbox 449 772 792 834; x_wconf 80' lang='lat' dir='ltr'>Caledonius</span> <span class='ocrx_word' id='word_1_29' title='bbox 814 790 1243 846; x_wconf 85' lang='lat' dir='ltr'>nonnumquam</span> <span class='ocrx_word' id='word_1_30' title='bbox 1279 772 1497 849; x_wconf 85' lang='lat' dir='ltr'>detegit</span> <span class='ocrx_word' id='word_1_31' title='bbox 1518 771 1719 841; x_wconf 56' lang='lat' dir='ltr'>aestus„</span> 
     </span>
    </p>

    <p class='ocr_par' dir='ltr' id='par_1_6' title="bbox 278 871 1697 951">
     <span class='ocr_line' id='line_1_6' title="bbox 278 871 1697 951; baseline -0.003 -14"><span class='ocrx_word' id='word_1_32' title='bbox 278 875 580 937; x_wconf 72' lang='lat' dir='ltr'>Accedunt</span> <span class='ocrx_word' id='word_1_33' title='bbox 609 916 628 943; x_wconf 82' lang='lat'><em>‚</em></span> <span class='ocrx_word' id='word_1_34' title='bbox 675 892 798 948; x_wconf 87' lang='lat' dir='ltr'>quae</span> <span class='ocrx_word' id='word_1_35' title='bbox 816 871 964 931; x_wconf 78' lang='lat' dir='ltr'>fama</span> <span class='ocrx_word' id='word_1_36' title='bbox 995 890 1193 933; x_wconf 85' lang='lat' dir='ltr'>recens</span> <span class='ocrx_word' id='word_1_37' title='bbox 1212 872 1487 951; x_wconf 82' lang='lat' dir='ltr'>Byzantia</span> <span class='ocrx_word' id='word_1_38' title='bbox 1507 871 1697 935; x_wconf 80' lang='lat' dir='ltr'>subter</span> 
     </span>
    </p>

    <p class='ocr_par' dir='ltr' id='par_1_7' title="bbox 283 971 1713 1050">
     <span class='ocr_line' id='line_1_7' title="bbox 283 971 1713 1050; baseline -0.002 -14"><span class='ocrx_word' id='word_1_39' title='bbox 283 976 500 1036; x_wconf 80' lang='lat' dir='ltr'>Littora</span> <span class='ocrx_word' id='word_1_40' title='bbox 520 1018 537 1043; x_wconf 85' lang='lat'>‚</span> <span class='ocrx_word' id='word_1_41' title='bbox 586 976 638 1035; x_wconf 72' lang='grc' dir='ltr'><strong>ἃ</strong></span> <span class='ocrx_word' id='word_1_42' title='bbox 663 972 852 1033; x_wconf 82' lang='lat' dir='ltr'>insana</span> <span class='ocrx_word' id='word_1_43' title='bbox 875 988 1141 1049; x_wconf 73' lang='lat' dir='ltr'>generata</span> <span class='ocrx_word' id='word_1_44' title='bbox 1174 971 1533 1050; x_wconf 68' lang='lat' dir='ltr'>Propontidis</span> <span class='ocrx_word' id='word_1_45' title='bbox 1550 976 1675 1035; x_wconf 61' lang='lat' dir='ltr'>atita</span> <span class='ocrx_word' id='word_1_46' title='bbox 1692 1016 1713 1047; x_wconf 91' lang='lat'>,</span> 
     </span>
    </p>

    <p class='ocr_par' dir='ltr' id='par_1_8' title="bbox 283 1072 1670 1149">
     <span class='ocr_line' id='line_1_8' title="bbox 283 1072 1670 1149; baseline -0.001 -13"><span class='ocrx_word' id='word_1_47' title='bbox 283 1074 535 1136; x_wconf 86' lang='lat' dir='ltr'>Promoti</span> <span class='ocrx_word' id='word_1_48' title='bbox 559 1072 841 1135; x_wconf 80' lang='lat' dir='ltr'>celebrata</span> <span class='ocrx_word' id='word_1_49' title='bbox 866 1074 1028 1134; x_wconf 82' lang='lat' dir='ltr'>ducis</span> <span class='ocrx_word' id='word_1_50' title='bbox 1057 1075 1130 1135; x_wconf 88' lang='lat' dir='ltr'>de</span> <span class='ocrx_word' id='word_1_51' title='bbox 1150 1074 1419 1149; x_wconf 88' lang='lat' dir='ltr'>nomine,-</span> <span class='ocrx_word' id='word_1_52' title='bbox 1462 1074 1670 1135; x_wconf 80' lang='lat' dir='ltr'>laudat.</span> 
     </span>
    </p>

    <p class='ocr_par' dir='ltr' id='par_1_9' title="bbox 284 1174 1773 1253">
     <span class='ocr_line' id='line_1_9' title="bbox 284 1174 1773 1253; baseline 0 -16"><span class='ocrx_word' id='word_1_53' title='bbox 284 1176 424 1237; x_wconf 83' lang='lat' dir='ltr'>Haeo</span> <span class='ocrx_word' id='word_1_54' title='bbox 443 1175 544 1236; x_wconf 90' lang='lat' dir='ltr'>tibi</span> <span class='ocrx_word' id='word_1_55' title='bbox 565 1195 680 1235; x_wconf 90' lang='lat' dir='ltr'>non</span> <span class='ocrx_word' id='word_1_56' title='bbox 701 1189 854 1237; x_wconf 82' lang='lat' dir='ltr'>vates</span> <span class='ocrx_word' id='word_1_57' title='bbox 872 1220 890 1248; x_wconf 91' lang='lat'><strong>‚</strong></span> <span class='ocrx_word' id='word_1_58' title='bbox 933 1194 1048 1235; x_wconf 88' lang='lat' dir='ltr'>non</span> <span class='ocrx_word' id='word_1_59' title='bbox 1070 1174 1395 1248; x_wconf 73' lang='lat' dir='ltr'>historicuS‚</span> <span class='ocrx_word' id='word_1_60' title='bbox 1438 1194 1625 1253; x_wconf 87' lang='lat' dir='ltr'>neque</span> <span class='ocrx_word' id='word_1_61' title='bbox 1644 1185 1773 1237; x_wconf 83' lang='lat' dir='ltr'>toto</span> 
     </span>
    </p>

    <p class='ocr_par' dir='ltr' id='par_1_10' title="bbox 285 1275 1831 1353">
     <span class='ocr_line' id='line_1_10' title="bbox 285 1275 1831 1353; baseline 0.001 -16"><span class='ocrx_word' id='word_1_62' title='bbox 285 1276 446 1338; x_wconf 85' lang='lat' dir='ltr'>Orbe</span> <span class='ocrx_word' id='word_1_63' title='bbox 467 1296 636 1353; x_wconf 81' lang='lat' dir='ltr'>vagus</span> <span class='ocrx_word' id='word_1_64' title='bbox 653 1279 894 1339; x_wconf 79' lang='lat' dir='ltr'>conviva</span> <span class='ocrx_word' id='word_1_65' title='bbox 911 1275 1116 1351; x_wconf 89' lang='lat' dir='ltr'>loquor</span> <span class='ocrx_word' id='word_1_66' title='bbox 1138 1320 1157 1349; x_wconf 84' lang='lat'><strong>‚</strong></span> <span class='ocrx_word' id='word_1_67' title='bbox 1202 1276 1299 1337; x_wconf 87' lang='lat' dir='ltr'>sed</span> <span class='ocrx_word' id='word_1_68' title='bbox 1316 1278 1520 1337; x_wconf 82' lang='lat' dir='ltr'>tradita</span> <span class='ocrx_word' id='word_1_69' title='bbox 1548 1276 1773 1339; x_wconf 83' lang='lat' dir='ltr'>multis:</span> <span class='ocrx_word' id='word_1_70' title='bbox 1828 1302 1831 1307; x_wconf 95' lang='lat'>·</span> 
     </span>
    </p>

    <p class='ocr_par' dir='ltr' id='par_1_11' title="bbox 283 1378 1705 1454">
     <span class='ocr_line' id='line_1_11' title="bbox 283 1378 1705 1454; baseline -0.001 -14"><span class='ocrx_word' id='word_1_71' title='bbox 283 1379 360 1440; x_wconf 88' lang='lat' dir='ltr'>Ut</span> <span class='ocrx_word' id='word_1_72' title='bbox 379 1378 600 1439; x_wconf 89' lang='lat' dir='ltr'>solitum</span> <span class='ocrx_word' id='word_1_73' title='bbox 626 1422 644 1451; x_wconf 91' lang='lat'><strong>,</strong></span> <span class='ocrx_word' id='word_1_74' title='bbox 686 1378 950 1454; x_wconf 78' lang='lat' dir='ltr'>quotiens</span> <span class='ocrx_word' id='word_1_75' title='bbox 970 1378 1183 1439; x_wconf 80' lang='lat' dir='ltr'>dextrae</span> <span class='ocrx_word' id='word_1_76' title='bbox 1212 1378 1473 1440; x_wconf 78' lang='lat' dir='ltr'>invitatio</span> <span class='ocrx_word' id='word_1_77' title='bbox 1498 1378 1705 1439; x_wconf 82' lang='lat' dir='ltr'>mensae</span> 
     </span>
    </p>

    <p class='ocr_par' dir='ltr' id='par_1_12' title="bbox 283 1478 1583 1556">
     <span class='ocr_line' id='line_1_12' title="bbox 283 1478 1583 1556; baseline 0 -15"><span class='ocrx_word' id='word_1_78' title='bbox 283 1478 566 1541; x_wconf 82' lang='lat' dir='ltr'>Sollicitat</span> <span class='ocrx_word' id='word_1_79' title='bbox 605 1479 794 1541; x_wconf 86' lang='lat' dir='ltr'>lenem</span> <span class='ocrx_word' id='word_1_80' title='bbox 831 1478 983 1539; x_wconf 89' lang='lat' dir='ltr'>comi</span> <span class='ocrx_word' id='word_1_81' title='bbox 1034 1478 1295 1540; x_wconf 83' lang='lat' dir='ltr'>sermone</span> <span class='ocrx_word' id='word_1_82' title='bbox 1336 1478 1583 1556; x_wconf 83' lang='lat' dir='ltr'>Lyaeum.</span> 
     </span>
    </p>

    <p class='ocr_par' dir='ltr' id='par_1_13' title="bbox 284 1580 1835 1755">
     <span class='ocr_line' id='line_1_13' title="bbox 284 1580 1835 1659; baseline -0.003 -16"><span class='ocrx_word' id='word_1_83' title='bbox 284 1581 424 1645; x_wconf 79' lang='lat' dir='ltr'>Haec</span> <span class='ocrx_word' id='word_1_84' title='bbox 450 1600 568 1641; x_wconf 90' lang='lat' dir='ltr'>non</span> <span class='ocrx_word' id='word_1_85' title='bbox 592 1598 693 1656; x_wconf 87' lang='lat' dir='ltr'>per</span> <span class='ocrx_word' id='word_1_86' title='bbox 733 1580 964 1659; x_wconf 85' lang='lat' dir='ltr'>vulgum</span> <span class='ocrx_word' id='word_1_87' title='bbox 992 1580 1133 1641; x_wconf 87' lang='lat' dir='ltr'>mihi</span> <span class='ocrx_word' id='word_1_88' title='bbox 1165 1581 1431 1659; x_wconf 87' lang='lat' dir='ltr'>cognita,</span> <span class='ocrx_word' id='word_1_89' title='bbox 1473 1598 1687 1657; x_wconf 85' lang='lat' dir='ltr'>perque</span> <span class='ocrx_word' id='word_1_90' title='bbox 1730 1598 1835 1657; x_wconf 83' lang='lat' dir='ltr'>po-</span> 
     </span>
     <span class='ocr_line' id='line_1_14' title="bbox 552 1680 758 1755; baseline 0.01 -18"><span class='ocrx_word' id='word_1_91' title='bbox 552 1680 712 1755; x_wconf 84' lang='lat' dir='ltr'>pinas</span> <span class='ocrx_word' id='word_1_92' title='bbox 737 1723 758 1752; x_wconf 83' lang='lat'><strong>‚</strong></span> 
     </span>
    </p>

    <p class='ocr_par' dir='ltr' id='par_1_14' title="bbox 289 1776 1483 1855">
     <span class='ocr_line' id='line_1_15' title="bbox 289 1776 1483 1855; baseline -0.001 -15"><span class='ocrx_word' id='word_1_93' title='bbox 289 1780 401 1841; x_wconf 82' lang='lat' dir='ltr'>Aut</span> <span class='ocrx_word' id='word_1_94' title='bbox 423 1778 784 1855; x_wconf 85' lang='lat' dir='ltr'>parafitorum</span> <span class='ocrx_word' id='word_1_95' title='bbox 805 1776 1041 1855; x_wconf 82' lang='lat' dir='ltr'>collegia</span> <span class='ocrx_word' id='word_1_96' title='bbox 1059 1777 1445 1839; x_wconf 85' lang='lat' dir='ltr'>Plautinorum</span> <span class='ocrx_word' id='word_1_97' title='bbox 1467 1798 1483 1839; x_wconf 75' lang='grc' dir='ltr'><strong><em>ε</em></strong></span> 
     </span>
    </p>

    <p class='ocr_par' dir='ltr' id='par_1_15' title="bbox 289 1877 1839 1956">
     <span class='ocr_line' id='line_1_16' title="bbox 289 1877 1839 1956; baseline -0.003 -12"><span class='ocrx_word' id='word_1_98' title='bbox 289 1881 403 1944; x_wconf 86' lang='lat' dir='ltr'>Sed</span> <span class='ocrx_word' id='word_1_99' title='bbox 425 1923 444 1954; x_wconf 90' lang='lat'>,</span> <span class='ocrx_word' id='word_1_100' title='bbox 484 1878 655 1942; x_wconf 83' lang='lat' dir='ltr'>festos</span> <span class='ocrx_word' id='word_1_101' title='bbox 681 1878 808 1956; x_wconf 84' lang='lat' dir='ltr'>quia</span> <span class='ocrx_word' id='word_1_102' title='bbox 827 1878 970 1956; x_wconf 84' lang='lat' dir='ltr'>saepe</span> <span class='ocrx_word' id='word_1_103' title='bbox 991 1879 1112 1939; x_wconf 88' lang='lat' dir='ltr'>dies</span> <span class='ocrx_word' id='word_1_104' title='bbox 1136 1880 1335 1954; x_wconf 84' lang='lat' dir='ltr'>partim</span> <span class='ocrx_word' id='word_1_105' title='bbox 1363 1877 1481 1956; x_wconf 86' lang='lat' dir='ltr'>ipse</span> <span class='ocrx_word' id='word_1_106' title='bbox 1503 1899 1763 1943; x_wconf 83' lang='lat' dir='ltr'>meorum</span> <span class='ocrx_word' id='word_1_107' title='bbox 1832 1933 1839 1940; x_wconf 83' lang='lat'><strong>.</strong></span> 
     </span>
    </p>

    <p class='ocr_par' dir='ltr' id='par_1_16' title="bbox 287 1967 1719 2056">
     <span class='ocr_line' id='line_1_17' title="bbox 287 1967 1719 2056; baseline -0.001 -12"><span class='ocrx_word' id='word_1_108' title='bbox 287 1981 530 2044; x_wconf 85' lang='lat' dir='ltr'>Excolui</span> <span class='ocrx_word' id='word_1_109' title='bbox 548 2025 566 2053; x_wconf 89' lang='lat'>,</span> <span class='ocrx_word' id='word_1_110' title='bbox 609 1982 782 2056; x_wconf 87' lang='lat' dir='ltr'>inque</span> <span class='ocrx_word' id='word_1_111' title='bbox 808 1981 992 2044; x_wconf 81' lang='lat' dir='ltr'>vicem</span> <span class='ocrx_word' id='word_1_112' title='bbox 1011 1967 1253 2041; x_wconf 57' lang='lat' dir='ltr'>eon&#39;viva</span> <span class='ocrx_word' id='word_1_113' title='bbox 1276 1995 1508 2042; x_wconf 82' lang='lat' dir='ltr'>vocatus</span> <span class='ocrx_word' id='word_1_114' title='bbox 1532 1981 1719 2050; x_wconf 82' lang='lat' dir='ltr'>adivi,</span> 
     </span>
    </p>

    <p class='ocr_par' dir='ltr' id='par_1_17' title="bbox 291 2080 1441 2154">
     <span class='ocr_line' id='line_1_18' title="bbox 291 2080 1441 2154; baseline -0.003 -8"><span class='ocrx_word' id='word_1_115' title='bbox 291 2082 515 2146; x_wconf 82' lang='lat' dir='ltr'>Natalis</span> <span class='ocrx_word' id='word_1_116' title='bbox 543 2081 578 2142; x_wconf 81' lang='lat' dir='ltr'><strong>fi</strong></span> <span class='ocrx_word' id='word_1_117' title='bbox 607 2082 756 2143; x_wconf 86' lang='lat' dir='ltr'>forte</span> <span class='ocrx_word' id='word_1_118' title='bbox 777 2081 886 2143; x_wconf 87' lang='lat' dir='ltr'>fuit</span> <span class='ocrx_word' id='word_1_119' title='bbox 908 2080 1195 2142; x_wconf 87' lang='lat' dir='ltr'>sollemnis</span> <span class='ocrx_word' id='word_1_120' title='bbox 1215 2083 1400 2142; x_wconf 81' lang='lat' dir='ltr'>amico</span> <span class='ocrx_word' id='word_1_121' title='bbox 1422 2125 1441 2154; x_wconf 88' lang='lat'>‚</span> 
     </span>
    </p>

    <p class='ocr_par' dir='ltr' id='par_1_18' title="bbox 247 2181 1753 2262">
     <span class='ocr_line' id='line_1_19' title="bbox 247 2181 1753 2262; baseline -0.005 -12"><span class='ocrx_word' id='word_1_122' title='bbox 247 2237 261 2250; x_wconf 89' lang='lat'><strong>.</strong></span> <span class='ocrx_word' id='word_1_123' title='bbox 291 2185 688 2262; x_wconf 77' lang='lat' dir='ltr'>conjugioque</span> <span class='ocrx_word' id='word_1_124' title='bbox 706 2184 913 2260; x_wconf 83' lang='lat' dir='ltr'>dapes‚·</span> <span class='ocrx_word' id='word_1_125' title='bbox 953 2198 1051 2244; x_wconf 83' lang='lat' dir='ltr'>aut</span> <span class='ocrx_word' id='word_1_126' title='bbox 1071 2181 1223 2244; x_wconf 81' lang='lat' dir='ltr'>sacra</span> <span class='ocrx_word' id='word_1_127' title='bbox 1244 2184 1464 2260; x_wconf 81' lang='lat' dir='ltr'>repotia</span> <span class='ocrx_word' id='word_1_128' title='bbox 1493 2194 1753 2260; x_wconf 86' lang='lat' dir='ltr'>patrum,</span> 
     </span>
    </p>

    <p class='ocr_par' dir='ltr' id='par_1_19' title="bbox 291 2283 1759 2362">
     <span class='ocr_line' id='line_1_20' title="bbox 291 2283 1759 2362; baseline -0.001 -15"><span class='ocrx_word' id='word_1_129' title='bbox 291 2286 496 2347; x_wconf 79' lang='lat' dir='ltr'>Audivi</span> <span class='ocrx_word' id='word_1_130' title='bbox 521 2305 538 2347; x_wconf 74' lang='grc' dir='ltr'><strong>ε</strong></span> <span class='ocrx_word' id='word_1_131' title='bbox 578 2286 926 2362; x_wconf 83' lang='lat' dir='ltr'>meminique</span> <span class='ocrx_word' id='word_1_132' title='bbox 957 2283 1387 2350; x_wconf 85' lang='lat' dir='ltr'>bonoslaudare</span> <span class='ocrx_word' id='word_1_133' title='bbox 1411 2285 1759 2362; x_wconf 87' lang='lat' dir='ltr'>frequentes.</span> 
     </span>
    </p>
   </div>
   <div class='ocr_carea' id='block_1_3' title="bbox 662 2459 1450 2523">
    <p class='ocr_par' dir='ltr' id='par_1_20' title="bbox 662 2459 1450 2523">
     <span class='ocr_line' id='line_1_21' title="bbox 662 2459 1450 2523; baseline -0.006 0"><span class='ocrx_word' id='word_1_134' title='bbox 662 2461 742 2523; x_wconf 90' lang='lat' dir='ltr'>X.</span> <span class='ocrx_word' id='word_1_135' title='bbox 824 2463 1165 2523; x_wconf 76' lang='lat' dir='ltr'>Ausomus</span> <span class='ocrx_word' id='word_1_136' title='bbox 1205 2459 1450 2522; x_wconf 75' lang='lat' dir='ltr'>PAuLo.</span> 
     </span>
    </p>
   </div>
   <div class='ocr_carea' id='block_1_4' title="bbox 293 2600 1801 3185">
    <p class='ocr_par' dir='ltr' id='par_1_21' title="bbox 293 2600 1801 2780">
     <span class='ocr_line' id='line_1_22' title="bbox 293 2600 1801 2680; baseline -0.002 -16"><span class='ocrx_word' id='word_1_137' title='bbox 293 2601 481 2679; x_wconf 87' lang='lat' dir='ltr'>Siqua</span> <span class='ocrx_word' id='word_1_138' title='bbox 502 2602 643 2663; x_wconf 88' lang='lat' dir='ltr'>fides</span> <span class='ocrx_word' id='word_1_139' title='bbox 662 2601 809 2664; x_wconf 84' lang='lat' dir='ltr'>falfis</span> <span class='ocrx_word' id='word_1_140' title='bbox 831 2622 1077 2680; x_wconf 83' lang='lat' dir='ltr'>unquam</span> <span class='ocrx_word' id='word_1_141' title='bbox 1105 2603 1183 2664; x_wconf 85' lang='lat' dir='ltr'>est</span> <span class='ocrx_word' id='word_1_142' title='bbox 1212 2602 1537 2663; x_wconf 82' lang='lat' dir='ltr'>adhibenda</span> <span class='ocrx_word' id='word_1_143' title='bbox 1574 2600 1801 2678; x_wconf 66' lang='lat' dir='ltr'>poetiS,</span> 
     </span>
     <span class='ocr_line' id='line_1_23' title="bbox 372 2702 1329 2780; baseline -0.003 -16"><span class='ocrx_word' id='word_1_144' title='bbox 372 2704 500 2764; x_wconf 85' lang='lat' dir='ltr'>Nec</span> <span class='ocrx_word' id='word_1_145' title='bbox 538 2702 750 2779; x_wconf 81' lang='lat' dir='ltr'>plasma</span> <span class='ocrx_word' id='word_1_146' title='bbox 789 2703 1008 2780; x_wconf 85' lang='lat' dir='ltr'>semper</span> <span class='ocrx_word' id='word_1_147' title='bbox 1046 2703 1329 2774; x_wconf 81' lang='lat' dir='ltr'>allinunt,</span> 
     </span>
    </p>

    <p class='ocr_par' dir='ltr' id='par_1_22' title="bbox 301 2797 1747 2981">
     <span class='ocr_line' id='line_1_24' title="bbox 301 2797 1747 2874; baseline 0 -12"><span class='ocrx_word' id='word_1_148' title='bbox 301 2801 504 2874; x_wconf 85' lang='lat' dir='ltr'>Paule,</span> <span class='ocrx_word' id='word_1_149' title='bbox 542 2804 944 2866; x_wconf 85' lang='lat' dir='ltr'>Camoenarum</span> <span class='ocrx_word' id='word_1_150' title='bbox 979 2802 1349 2866; x_wconf 83' lang='lat' dir='ltr'>celeberrime</span> <span class='ocrx_word' id='word_1_151' title='bbox 1384 2797 1747 2864; x_wconf 84' lang='lat' dir='ltr'>Castaliarum</span> 
     </span>
     <span class='ocr_line' id='line_1_25' title="bbox 374 2902 1413 2981; baseline 0.001 -19"><span class='ocrx_word' id='word_1_152' title='bbox 374 2902 616 2964; x_wconf 77' lang='lat' dir='ltr'>Alumne</span> <span class='ocrx_word' id='word_1_153' title='bbox 657 2905 981 2980; x_wconf 81' lang='lat' dir='ltr'>quondam,</span> <span class='ocrx_word' id='word_1_154' title='bbox 1025 2923 1181 2967; x_wconf 82' lang='lat' dir='ltr'>nunc</span> <span class='ocrx_word' id='word_1_155' title='bbox 1219 2918 1413 2981; x_wconf 86' lang='lat' dir='ltr'>pater,</span> 
     </span>
    </p>

    <p class='ocr_par' dir='ltr' id='par_1_23' title="bbox 295 2999 1767 3185">
     <span class='ocr_line' id='line_1_26' title="bbox 295 2999 1767 3084; baseline -0.001 -20"><span class='ocrx_word' id='word_1_156' title='bbox 295 3005 408 3064; x_wconf 79' lang='lat' dir='ltr'>Aut</span> <span class='ocrx_word' id='word_1_157' title='bbox 429 3022 596 3074; x_wconf 73' lang='grc' dir='ltr'>εινυε,</span> <span class='ocrx_word' id='word_1_158' title='bbox 637 3017 732 3065; x_wconf 85' lang='lat' dir='ltr'>aut</span> <span class='ocrx_word' id='word_1_159' title='bbox 771 3007 996 3082; x_wconf 87' lang='lat' dir='ltr'>proavis</span> <span class='ocrx_word' id='word_1_160' title='bbox 1019 3005 1337 3084; x_wconf 85' lang='lat' dir='ltr'>antiquior,</span> <span class='ocrx_word' id='word_1_161' title='bbox 1378 3017 1441 3066; x_wconf 88' lang='lat' dir='ltr'>ut</span> <span class='ocrx_word' id='word_1_162' title='bbox 1473 3000 1585 3064; x_wconf 78' lang='lat' dir='ltr'>fuit</span> <span class='ocrx_word' id='word_1_163' title='bbox 1625 2999 1767 3063; x_wconf 89' lang='lat' dir='ltr'>olim</span> 
     </span>
     <span class='ocr_line' id='line_1_27' title="bbox 371 3102 1076 3185; baseline 0 -17"><span class='ocrx_word' id='word_1_164' title='bbox 371 3102 772 3168; x_wconf 81' lang='lat' dir='ltr'>Tarteffiorum</span> <span class='ocrx_word' id='word_1_165' title='bbox 816 3105 1076 3185; x_wconf 77' lang='lat' dir='ltr'>regulus:</span> 
     </span>
    </p>
   </div>
  </div>
 </body>
</html>
