<?xml version="1.0" encoding="UTF-8"?>
<!DOCTYPE html PUBLIC "-//W3C//DTD XHTML 1.0 Transitional//EN"
    "http://www.w3.org/TR/xhtml1/DTD/xhtml1-transitional.dtd">
<html xmlns="http://www.w3.org/1999/xhtml" xml:lang="en" lang="en">
 <head>
  <title>
</title>
<meta http-equiv="Content-Type" content="text/html;charset=utf-8" />
  <meta name='ocr-system' content='tesseract 3.04.00' />
  <meta name='ocr-capabilities' content='ocr_page ocr_carea ocr_par ocr_line ocrx_word'/>
</head>
<body>
  <div class='ocr_page' id='page_1' title='image "./operaexdoctorum00ausogoog_0038.png"; bbox 0 0 2278 3794; ppageno 0'>
   <div class='ocr_carea' id='block_1_1' title="bbox 516 318 1950 562">
    <p class='ocr_par' dir='ltr' id='par_1_1' title="bbox 516 311 1950 562">
     <span class='ocr_line' id='line_1_1' title="bbox 516 318 1563 422; baseline -0.012 -17"><span class='ocrx_word' id='word_1_1' title='bbox 516 364 589 422; x_wconf 82' lang='lat'>34</span> <span class='ocrx_word' id='word_1_2' title='bbox 865 354 871 360; x_wconf 80' lang='grc'><strong>“</strong></span> <span class='ocrx_word' id='word_1_3' title='bbox 908 337 915 344; x_wconf 79' lang='grc'><strong>’</strong></span> <span class='ocrx_word' id='word_1_4' title='bbox 1018 329 1061 398; x_wconf 67' lang='lat' dir='ltr'>A&#39;</span> <span class='ocrx_word' id='word_1_5' title='bbox 1102 334 1157 398; x_wconf 90' lang='lat' dir='ltr'>U</span> <span class='ocrx_word' id='word_1_6' title='bbox 1195 335 1232 397; x_wconf 91' lang='lat' dir='ltr'>S</span> <span class='ocrx_word' id='word_1_7' title='bbox 1271 332 1328 396; x_wconf 92' lang='lat' dir='ltr'>O</span> <span class='ocrx_word' id='word_1_8' title='bbox 1365 330 1426 395; x_wconf 85' lang='lat' dir='ltr'>N</span> <span class='ocrx_word' id='word_1_9' title='bbox 1463 329 1495 393; x_wconf 87' lang='lat' dir='ltr'>I</span> <span class='ocrx_word' id='word_1_10' title='bbox 1529 318 1563 392; x_wconf 79' lang='grc' dir='ltr'><strong>Ῑ</strong></span> 
     </span>
     <span class='ocr_line' id='line_1_2' title="bbox 628 481 1950 562; baseline -0.014 -8"><span class='ocrx_word' id='word_1_11' title='bbox 628 488 825 554; x_wconf 86' lang='lat' dir='ltr'><strong>XXII.</strong></span> <span class='ocrx_word' id='word_1_12' title='bbox 908 493 999 552; x_wconf 87' lang='lat' dir='ltr'>De</span> <span class='ocrx_word' id='word_1_13' title='bbox 1036 485 1316 548; x_wconf 62' lang='lat' dir='ltr'>⁴uarietate</span> <span class='ocrx_word' id='word_1_14' title='bbox 1339 486 1595 562; x_wconf 68' lang='lat' dir='ltr'>fortuna·</span> <span class='ocrx_word' id='word_1_15' title='bbox 1613 523 1634 553; x_wconf 86' lang='lat'>‚</span> <span class='ocrx_word' id='word_1_16' title='bbox 1676 498 1705 539; x_wconf 87' lang='lat' dir='ltr'>e</span> <span class='ocrx_word' id='word_1_17' title='bbox 1747 481 1950 540; x_wconf 79' lang='lat' dir='ltr'>Graeco.</span> 
     </span>
    </p>
   </div>
   <div class='ocr_carea' id='block_1_2' title="bbox 516 621 2066 1018">
    <p class='ocr_par' dir='ltr' id='par_1_2' title="bbox 516 621 2066 914">
     <span class='ocr_line' id='line_1_3' title="bbox 516 621 1976 709; baseline -0.015 -10"><span class='ocrx_word' id='word_1_18' title='bbox 516 635 809 702; x_wconf 80' lang='lat' dir='ltr'>Thesauro</span> <span class='ocrx_word' id='word_1_19' title='bbox 848 634 1085 695; x_wconf 83' lang='lat' dir='ltr'>invento</span> <span class='ocrx_word' id='word_1_20' title='bbox 1106 676 1125 706; x_wconf 91' lang='lat'>‚</span> <span class='ocrx_word' id='word_1_21' title='bbox 1175 630 1274 709; x_wconf 87' lang='lat' dir='ltr'>qui</span> <span class='ocrx_word' id='word_1_22' title='bbox 1307 627 1502 690; x_wconf 74' lang='lat' dir='ltr'>limina</span> <span class='ocrx_word' id='word_1_23' title='bbox 1531 624 1726 687; x_wconf 77' lang='lat' dir='ltr'>mortis</span> <span class='ocrx_word' id='word_1_24' title='bbox 1752 621 1933 682; x_wconf 86' lang='lat' dir='ltr'>inibat</span> <span class='ocrx_word' id='word_1_25' title='bbox 1956 660 1976 693; x_wconf 90' lang='lat'><strong>,</strong></span> 
     </span>
     <span class='ocr_line' id='line_1_4' title="bbox 595 721 1946 814; baseline -0.015 -14"><span class='ocrx_word' id='word_1_26' title='bbox 595 736 787 814; x_wconf 87' lang='lat' dir='ltr'>Liquit</span> <span class='ocrx_word' id='word_1_27' title='bbox 807 721 982 797; x_wconf 75' lang='lat' dir='ltr'>ovans</span> <span class='ocrx_word' id='word_1_28' title='bbox 1004 732 1306 812; x_wconf 87' lang='lat' dir='ltr'>laqueum</span> <span class='ocrx_word' id='word_1_29' title='bbox 1350 749 1464 806; x_wconf 87' lang='lat' dir='ltr'>quo</span> <span class='ocrx_word' id='word_1_30' title='bbox 1493 726 1770 804; x_wconf 83' lang='lat' dir='ltr'>periturus</span> <span class='ocrx_word' id='word_1_31' title='bbox 1808 733 1946 784; x_wconf 82' lang='lat' dir='ltr'>erat.</span> 
     </span>
     <span class='ocr_line' id='line_1_5' title="bbox 519 825 2066 914; baseline -0.015 -11"><span class='ocrx_word' id='word_1_32' title='bbox 519 841 593 903; x_wconf 84' lang='lat' dir='ltr'>At</span> <span class='ocrx_word' id='word_1_33' title='bbox 611 838 727 914; x_wconf 87' lang='lat' dir='ltr'>qui,</span> <span class='ocrx_word' id='word_1_34' title='bbox 751 837 906 914; x_wconf 87' lang='lat' dir='ltr'>quod</span> <span class='ocrx_word' id='word_1_35' title='bbox 927 849 1085 898; x_wconf 85' lang='lat' dir='ltr'>terrae</span> <span class='ocrx_word' id='word_1_36' title='bbox 1104 832 1420 903; x_wconf 82' lang='lat' dir='ltr'>abdiderat,</span> <span class='ocrx_word' id='word_1_37' title='bbox 1443 847 1561 888; x_wconf 90' lang='lat' dir='ltr'>non</span> <span class='ocrx_word' id='word_1_38' title='bbox 1580 825 2066 904; x_wconf 83' lang='lat' dir='ltr'>repperitaurum,</span> 
     </span>
    </p>

    <p class='ocr_par' dir='ltr' id='par_1_3' title="bbox 596 922 2020 1018">
     <span class='ocr_line' id='line_1_6' title="bbox 596 922 2020 1018; baseline -0.014 -16"><span class='ocrx_word' id='word_1_39' title='bbox 596 940 787 1018; x_wconf 80' lang='lat' dir='ltr'>Quem</span> <span class='ocrx_word' id='word_1_40' title='bbox 824 937 1089 1015; x_wconf 86' lang='lat' dir='ltr'>laqueum</span> <span class='ocrx_word' id='word_1_41' title='bbox 1145 931 1408 1005; x_wconf 88' lang='lat' dir='ltr'>invenit,</span> <span class='ocrx_word' id='word_1_42' title='bbox 1449 929 1682 990; x_wconf 84' lang='lat' dir='ltr'>nexuit:</span> <span class='ocrx_word' id='word_1_43' title='bbox 1739 929 1793 988; x_wconf 87' lang='lat'>&amp;</span> <span class='ocrx_word' id='word_1_44' title='bbox 1832 922 2020 1003; x_wconf 84' lang='lat' dir='ltr'>periit.</span> 
     </span>
    </p>
   </div>
   <div class='ocr_carea' id='block_1_3' title="bbox 523 1077 2070 1560">
    <p class='ocr_par' dir='ltr' id='par_1_4' title="bbox 523 1077 2046 1560">
     <span class='ocr_line' id='line_1_7' title="bbox 946 1077 1632 1148; baseline -0.016 -4"><span class='ocrx_word' id='word_1_45' title='bbox 946 1078 1412 1144; x_wconf 80' lang='lat' dir='ltr'>XX111.1dem</span> <span class='ocrx_word' id='word_1_46' title='bbox 1450 1077 1632 1148; x_wconf 73' lang='lat' dir='ltr'>aliter.</span> 
     </span>
     <span class='ocr_line' id='line_1_8' title="bbox 526 1173 1988 1260; baseline -0.007 -16"><span class='ocrx_word' id='word_1_47' title='bbox 526 1182 641 1260; x_wconf 79' lang='lat' dir='ltr'>Qui</span> <span class='ocrx_word' id='word_1_48' title='bbox 662 1180 926 1258; x_wconf 85' lang='lat' dir='ltr'>laqueum</span> <span class='ocrx_word' id='word_1_49' title='bbox 958 1179 1111 1245; x_wconf 80' lang='lat' dir='ltr'>collo</span> <span class='ocrx_word' id='word_1_50' title='bbox 1137 1179 1447 1251; x_wconf 64' lang='lat' dir='ltr'>nectebat,</span> <span class='ocrx_word' id='word_1_51' title='bbox 1487 1173 1738 1252; x_wconf 86' lang='lat' dir='ltr'>repperit</span> <span class='ocrx_word' id='word_1_52' title='bbox 1759 1189 1988 1234; x_wconf 79' lang='lat' dir='ltr'>aurum:</span> 
     </span>
     <span class='ocr_line' id='line_1_9' title="bbox 598 1276 1790 1358; baseline -0.005 -12"><span class='ocrx_word' id='word_1_53' title='bbox 598 1281 987 1358; x_wconf 85' lang='lat' dir='ltr'>Thesaurique</span> <span class='ocrx_word' id='word_1_54' title='bbox 1024 1281 1160 1343; x_wconf 86' lang='lat' dir='ltr'>loco</span> <span class='ocrx_word' id='word_1_55' title='bbox 1205 1276 1469 1357; x_wconf 85' lang='lat' dir='ltr'><strong>deposuit</strong></span> <span class='ocrx_word' id='word_1_56' title='bbox 1508 1276 1790 1353; x_wconf 78' lang='lat' dir='ltr'>laqueum&#39;.</span> 
     </span>
     <span class='ocr_line' id='line_1_10' title="bbox 523 1375 2070 1461; baseline -0.008 -15"><span class='ocrx_word' id='word_1_57' title='bbox 523 1387 599 1446; x_wconf 81' lang='lat' dir='ltr'>At</span> <span class='ocrx_word' id='word_1_58' title='bbox 619 1385 713 1461; x_wconf 89' lang='lat' dir='ltr'>qui</span> <span class='ocrx_word' id='word_1_59' title='bbox 737 1382 1095 1460; x_wconf 81' lang='lat' dir='ltr'>oondiderat,</span> <span class='ocrx_word' id='word_1_60' title='bbox 1123 1381 1415 1458; x_wconf 83' lang='lat' dir='ltr'>postquam</span> <span class='ocrx_word' id='word_1_61' title='bbox 1439 1397 1558 1440; x_wconf 87' lang='lat' dir='ltr'>non</span> <span class='ocrx_word' id='word_1_62' title='bbox 1575 1375 1828 1454; x_wconf 79' lang='lat' dir='ltr'>repperit</span> <span class='ocrx_word' id='word_1_63' title='bbox 1846 1391 2070 1446; x_wconf 80' lang='lat' dir='ltr'>aurum,</span> 
     </span>
     <span class='ocr_line' id='line_1_11' title="bbox 598 1477 1956 1560; baseline -0.007 -14"><span class='ocrx_word' id='word_1_64' title='bbox 598 1484 831 1560; x_wconf 86' lang='lat' dir='ltr'>Aptavit</span> <span class='ocrx_word' id='word_1_65' title='bbox 868 1482 1063 1557; x_wconf 84' lang='lat' dir='ltr'>collo,</span> <span class='ocrx_word' id='word_1_66' title='bbox 1106 1501 1280 1560; x_wconf 84' lang='lat' dir='ltr'>quem</span> <span class='ocrx_word' id='word_1_67' title='bbox 1319 1481 1528 1558; x_wconf 86' lang='lat' dir='ltr'>reperit</span> <span class='ocrx_word' id='word_1_68' title='bbox 1569 1477 1854 1555; x_wconf 76' lang='lat' dir='ltr'>laqueum.</span> <span class='ocrx_word' id='word_1_69' title='bbox 1945 1527 1956 1556; x_wconf 77' lang='grc'><em>,</em></span> 
     </span>
    </p>
   </div>
   <div class='ocr_carea' id='block_1_4' title="bbox 526 1613 1994 1909">
    <p class='ocr_par' dir='ltr' id='par_1_5' title="bbox 526 1613 1994 1909">
     <span class='ocr_line' id='line_1_12' title="bbox 600 1613 1992 1693; baseline -0.009 -3"><span class='ocrx_word' id='word_1_70' title='bbox 600 1628 825 1693; x_wconf 89' lang='lat' dir='ltr'>XXIV</span> <span class='ocrx_word' id='word_1_71' title='bbox 904 1633 995 1690; x_wconf 86' lang='lat' dir='ltr'>De</span> <span class='ocrx_word' id='word_1_72' title='bbox 1048 1627 1514 1690; x_wconf 81' lang='lat' dir='ltr'>THRASYBULO</span> <span class='ocrx_word' id='word_1_73' title='bbox 1555 1613 1992 1686; x_wconf 71' lang='lat' dir='ltr'>Lacedae&#39;monio</span> 
     </span>
     <span class='ocr_line' id='line_1_13' title="bbox 526 1719 1994 1807; baseline -0.006 -15"><span class='ocrx_word' id='word_1_74' title='bbox 526 1729 760 1806; x_wconf 84' lang='lat' dir='ltr'><strong>Excipis</strong></span> <span class='ocrx_word' id='word_1_75' title='bbox 783 1727 1019 1790; x_wconf 81' lang='lat' dir='ltr'>adverso</span> <span class='ocrx_word' id='word_1_76' title='bbox 1048 1729 1203 1807; x_wconf 91' lang='lat' dir='ltr'>quod</span> <span class='ocrx_word' id='word_1_77' title='bbox 1229 1731 1460 1804; x_wconf 71' lang='lat' dir='ltr'>pestere</span> <span class='ocrx_word' id='word_1_78' title='bbox 1487 1724 1717 1787; x_wconf 81' lang='lat' dir='ltr'>vulnera</span> <span class='ocrx_word' id='word_1_79' title='bbox 1742 1719 1994 1798; x_wconf 70' lang='lat' dir='ltr'>septemt</span> 
     </span>
     <span class='ocr_line' id='line_1_14' title="bbox 602 1822 1994 1909; baseline -0.008 -17"><span class='ocrx_word' id='word_1_80' title='bbox 602 1833 769 1892; x_wconf 78' lang='lat' dir='ltr'>Arma</span> <span class='ocrx_word' id='word_1_81' title='bbox 795 1828 1186 1908; x_wconf 84' lang='lat' dir='ltr'>superveheris</span> <span class='ocrx_word' id='word_1_82' title='bbox 1207 1829 1396 1909; x_wconf 83' lang='lat' dir='ltr'>quod,</span> <span class='ocrx_word' id='word_1_83' title='bbox 1435 1822 1820 1905; x_wconf 85' lang='lat' dir='ltr'>Thrasybule‚</span> <span class='ocrx_word' id='word_1_84' title='bbox 1861 1834 1994 1893; x_wconf 78' lang='lat' dir='ltr'>tua3</span> 
     </span>
    </p>
   </div>
   <div class='ocr_carea' id='block_1_5' title="bbox 356 1902 1994 2009">
    <p class='ocr_par' dir='ltr' id='par_1_6' title="bbox 356 1902 1994 2009">
     <span class='ocr_line' id='line_1_15' title="bbox 356 1902 1994 2009; baseline 0.01 -40"><span class='ocrx_word' id='word_1_85' title='bbox 356 1959 358 1961; x_wconf 87' lang='lat'><em>.</em></span> <span class='ocrx_word' id='word_1_86' title='bbox 414 1902 427 1971; x_wconf 73' lang='grc'>’.</span> <span class='ocrx_word' id='word_1_87' title='bbox 476 1914 663 1996; x_wconf 60' lang='lat' dir='ltr'>“Non</span> <span class='ocrx_word' id='word_1_88' title='bbox 686 1930 849 1992; x_wconf 86' lang='lat' dir='ltr'>dolor</span> <span class='ocrx_word' id='word_1_89' title='bbox 870 1931 967 1993; x_wconf 88' lang='lat' dir='ltr'>hic</span> <span class='ocrx_word' id='word_1_90' title='bbox 985 1934 1198 2009; x_wconf 81' lang='lat' dir='ltr'>patris·</span> <span class='ocrx_word' id='word_1_91' title='bbox 1240 1932 1444 1991; x_wconf 78' lang='lat' dir='ltr'>Pitana:</span> <span class='ocrx_word' id='word_1_92' title='bbox 1466 1926 1565 1989; x_wconf 86' lang='lat' dir='ltr'>sed</span> <span class='ocrx_word' id='word_1_93' title='bbox 1588 1926 1767 2005; x_wconf 84' lang='lat' dir='ltr'>gloria</span> <span class='ocrx_word' id='word_1_94' title='bbox 1791 1926 1994 1999; x_wconf 85' lang='lat' dir='ltr'>major</span> 
     </span>
    </p>
   </div>
   <div class='ocr_carea' id='block_1_6' title="bbox 505 2025 1964 2508">
    <p class='ocr_par' dir='ltr' id='par_1_7' title="bbox 528 2025 1959 2210">
     <span class='ocr_line' id='line_1_16' title="bbox 603 2025 1896 2109; baseline -0.008 -14"><span class='ocrx_word' id='word_1_95' title='bbox 603 2032 849 2102; x_wconf 80' lang='lat' dir='ltr'>Rarum,</span> <span class='ocrx_word' id='word_1_96' title='bbox 891 2046 1007 2094; x_wconf 87' lang='lat' dir='ltr'>tam</span> <span class='ocrx_word' id='word_1_97' title='bbox 1048 2031 1292 2109; x_wconf 86' lang='lat' dir='ltr'>pulchro</span> <span class='ocrx_word' id='word_1_98' title='bbox 1333 2032 1533 2091; x_wconf 88' lang='lat' dir='ltr'>funere</span> <span class='ocrx_word' id='word_1_99' title='bbox 1570 2025 1729 2105; x_wconf 79' lang='lat' dir='ltr'>posse</span> <span class='ocrx_word' id='word_1_100' title='bbox 1765 2025 1896 2087; x_wconf 85' lang='lat' dir='ltr'>frui.</span> 
     </span>
     <span class='ocr_line' id='line_1_17' title="bbox 528 2127 1959 2210; baseline -0.004 -17"><span class='ocrx_word' id='word_1_101' title='bbox 528 2134 719 2210; x_wconf 81' lang='lat' dir='ltr'>Quem</span> <span class='ocrx_word' id='word_1_102' title='bbox 738 2132 1031 2209; x_wconf 83' lang='lat' dir='ltr'>postquam</span> <span class='ocrx_word' id='word_1_103' title='bbox 1056 2131 1255 2191; x_wconf 88' lang='lat' dir='ltr'>moesto</span> <span class='ocrx_word' id='word_1_104' title='bbox 1280 2128 1416 2191; x_wconf 87' lang='lat' dir='ltr'>socii</span> <span class='ocrx_word' id='word_1_105' title='bbox 1438 2128 1678 2206; x_wconf 82' lang='lat' dir='ltr'>posuere</span> <span class='ocrx_word' id='word_1_106' title='bbox 1705 2127 1916 2188; x_wconf 87' lang='lat' dir='ltr'>feretro</span> <span class='ocrx_word' id='word_1_107' title='bbox 1937 2170 1959 2203; x_wconf 80' lang='lat'>‚</span> 
     </span>
    </p>

    <p class='ocr_par' dir='ltr' id='par_1_8' title="bbox 505 2227 1964 2508">
     <span class='ocr_line' id='line_1_18' title="bbox 608 2227 1807 2316; baseline -0.004 -21"><span class='ocrx_word' id='word_1_108' title='bbox 608 2232 770 2295; x_wconf 79' lang='lat' dir='ltr'>Talia</span> <span class='ocrx_word' id='word_1_109' title='bbox 799 2251 1188 2316; x_wconf 61' lang='lat' dir='ltr'>magnanimus</span> <span class='ocrx_word' id='word_1_110' title='bbox 1213 2232 1396 2293; x_wconf 83' lang='lat' dir='ltr'>edidit</span> <span class='ocrx_word' id='word_1_111' title='bbox 1419 2227 1540 2290; x_wconf 86' lang='lat' dir='ltr'>orsa</span> <span class='ocrx_word' id='word_1_112' title='bbox 1567 2240 1726 2308; x_wconf 85' lang='lat' dir='ltr'>pater</span> <span class='ocrx_word' id='word_1_113' title='bbox 1752 2248 1768 2290; x_wconf 72' lang='grc' dir='ltr'>ε</span> <span class='ocrx_word' id='word_1_114' title='bbox 1801 2250 1807 2255; x_wconf 91' lang='grc'><strong><em>·</em></strong></span> 
     </span>
     <span class='ocr_line' id='line_1_19' title="bbox 505 2325 1964 2426; baseline -0.004 -31"><span class='ocrx_word' id='word_1_115' title='bbox 505 2332 692 2426; x_wconf 74' lang='lat' dir='ltr'>¹Flete</span> <span class='ocrx_word' id='word_1_116' title='bbox 716 2331 906 2394; x_wconf 48' lang='lat' dir='ltr'>alios»</span> <span class='ocrx_word' id='word_1_117' title='bbox 930 2349 1093 2395; x_wconf 88' lang='lat' dir='ltr'>natus</span> <span class='ocrx_word' id='word_1_118' title='bbox 1120 2332 1384 2411; x_wconf 83' lang='lat' dir='ltr'>lacrymis</span> <span class='ocrx_word' id='word_1_119' title='bbox 1407 2351 1522 2392; x_wconf 88' lang='lat' dir='ltr'>non</span> <span class='ocrx_word' id='word_1_120' title='bbox 1551 2330 1773 2407; x_wconf 86' lang='lat' dir='ltr'>indiget</span> <span class='ocrx_word' id='word_1_121' title='bbox 1793 2325 1919 2390; x_wconf 81' lang='lat' dir='ltr'>ullis</span> <span class='ocrx_word' id='word_1_122' title='bbox 1933 2370 1964 2400; x_wconf 48' lang='lat'>4</span> 
     </span>
     <span class='ocr_line' id='line_1_20' title="bbox 607 2430 1851 2508; baseline -0.001 -13"><span class='ocrx_word' id='word_1_123' title='bbox 607 2434 679 2495; x_wconf 88' lang='lat' dir='ltr'>Et</span> <span class='ocrx_word' id='word_1_124' title='bbox 718 2452 877 2497; x_wconf 84' lang='lat' dir='ltr'>meus</span> <span class='ocrx_word' id='word_1_125' title='bbox 901 2476 920 2503; x_wconf 90' lang='lat'><strong>,</strong></span> <span class='ocrx_word' id='word_1_126' title='bbox 964 2438 1020 2495; x_wconf 84' lang='lat'>&amp;</span> <span class='ocrx_word' id='word_1_127' title='bbox 1060 2433 1228 2508; x_wconf 84' lang='lat' dir='ltr'>talis,</span> <span class='ocrx_word' id='word_1_128' title='bbox 1271 2436 1326 2494; x_wconf 85' lang='lat'>&amp;</span> <span class='ocrx_word' id='word_1_129' title='bbox 1369 2430 1851 2495; x_wconf 64' lang='lat' dir='ltr'>Lacedaemoniae.</span> 
     </span>
    </p>
   </div>
   <div class='ocr_carea' id='block_1_7' title="bbox 496 2576 1848 2869">
    <p class='ocr_par' dir='ltr' id='par_1_9' title="bbox 496 2576 1848 2869">
     <span class='ocr_line' id='line_1_21' title="bbox 827 2576 1776 2646; baseline -0.008 -3"><span class='ocrx_word' id='word_1_130' title='bbox 827 2576 1027 2646; x_wconf 78' lang='lat' dir='ltr'><strong>XXV.</strong></span> <span class='ocrx_word' id='word_1_131' title='bbox 1104 2582 1196 2639; x_wconf 88' lang='lat' dir='ltr'>De</span> <span class='ocrx_word' id='word_1_132' title='bbox 1246 2576 1550 2639; x_wconf 77' lang='lat' dir='ltr'><strong>LACAENA·</strong></span> <span class='ocrx_word' id='word_1_133' title='bbox 1573 2588 1776 2637; x_wconf 75' lang='lat' dir='ltr'>matre.</span> 
     </span>
     <span class='ocr_line' id='line_1_22' title="bbox 496 2676 1848 2764; baseline -0.007 -15"><span class='ocrx_word' id='word_1_134' title='bbox 496 2689 722 2755; x_wconf 69' lang='lat' dir='ltr'>..Mater</span> <span class='ocrx_word' id='word_1_135' title='bbox 760 2683 998 2764; x_wconf 59' lang='lat' dir='ltr'>Lacaejna</span> <span class='ocrx_word' id='word_1_136' title='bbox 1038 2678 1228 2756; x_wconf 89' lang='lat' dir='ltr'>clipeo</span> <span class='ocrx_word' id='word_1_137' title='bbox 1269 2678 1568 2741; x_wconf 82' lang='lat' dir='ltr'>obarmans</span> <span class='ocrx_word' id='word_1_138' title='bbox 1605 2676 1848 2754; x_wconf 71' lang='lat' dir='ltr'>filium..</span> 
     </span>
     <span class='ocr_line' id='line_1_23' title="bbox 606 2778 1802 2869; baseline -0.011 -17"><span class='ocrx_word' id='word_1_139' title='bbox 606 2790 757 2869; x_wconf 71' lang='lat' dir='ltr'>Cum</span> <span class='ocrx_word' id='word_1_140' title='bbox 796 2785 953 2859; x_wconf 69' lang='lat' dir='ltr'>hoc,</span> <span class='ocrx_word' id='word_1_141' title='bbox 992 2781 1222 2859; x_wconf 73' lang='lat' dir='ltr'>inquit,</span> <span class='ocrx_word' id='word_1_142' title='bbox 1266 2792 1364 2841; x_wconf 87' lang='lat' dir='ltr'>aut</span> <span class='ocrx_word' id='word_1_143' title='bbox 1403 2778 1464 2840; x_wconf 87' lang='lat' dir='ltr'>in</span> <span class='ocrx_word' id='word_1_144' title='bbox 1502 2778 1617 2841; x_wconf 86' lang='lat' dir='ltr'>hoc</span> <span class='ocrx_word' id='word_1_145' title='bbox 1655 2778 1802 2841; x_wconf 79' lang='lat' dir='ltr'>redi.</span> 
     </span>
    </p>
   </div>
   <div class='ocr_carea' id='block_1_8' title="bbox 717 2924 1800 3002">
    <p class='ocr_par' dir='ltr' id='par_1_10' title="bbox 717 2924 1800 3002">
     <span class='ocr_line' id='line_1_24' title="bbox 717 2924 1800 3002; baseline -0.011 -8"><span class='ocrx_word' id='word_1_146' title='bbox 717 2930 724 2937; x_wconf 74' lang='grc'><strong>’</strong></span> <span class='ocrx_word' id='word_1_147' title='bbox 806 2924 1030 2993; x_wconf 64' lang='lat' dir='ltr'>XXVI.</span> <span class='ocrx_word' id='word_1_148' title='bbox 1108 2928 1184 2988; x_wconf 86' lang='lat' dir='ltr'>In</span> <span class='ocrx_word' id='word_1_149' title='bbox 1220 2926 1459 2997; x_wconf 74' lang='lat' dir='ltr'>divitem</span> <span class='ocrx_word' id='word_1_150' title='bbox 1497 2924 1800 3002; x_wconf 81' lang='lat' dir='ltr'>quendam.</span> 
     </span>
    </p>
   </div>
   <div class='ocr_carea' id='block_1_9' title="bbox 532 3048 1940 3232">
    <p class='ocr_par' dir='ltr' id='par_1_11' title="bbox 532 3048 1940 3232">
     <span class='ocr_line' id='line_1_25' title="bbox 532 3048 1940 3137; baseline -0.009 -18"><span class='ocrx_word' id='word_1_151' title='bbox 532 3051 784 3137; x_wconf 70' lang='lat' dir='ltr'>Quidam</span> <span class='ocrx_word' id='word_1_152' title='bbox 825 3052 1095 3131; x_wconf 81' lang='lat' dir='ltr'>superbus</span> <span class='ocrx_word' id='word_1_153' title='bbox 1135 3049 1375 3127; x_wconf 74' lang='lat' dir='ltr'>opibue‚</span> <span class='ocrx_word' id='word_1_154' title='bbox 1421 3052 1476 3112; x_wconf 75' lang='grc' dir='ltr'>δι</span> <span class='ocrx_word' id='word_1_155' title='bbox 1516 3048 1657 3112; x_wconf 83' lang='lat' dir='ltr'>fastu</span> <span class='ocrx_word' id='word_1_156' title='bbox 1692 3048 1940 3113; x_wconf 72' lang='lat' dir='ltr'>tumerie&#39;</span> 
     </span>
     <span class='ocr_line' id='line_1_26' title="bbox 608 3148 1487 3232; baseline -0.017 -9"><span class='ocrx_word' id='word_1_157' title='bbox 608 3158 972 3232; x_wconf 80' lang='lat' dir='ltr'>Tantumque</span> <span class='ocrx_word' id='word_1_158' title='bbox 1009 3150 1198 3222; x_wconf 72' lang='lat' dir='ltr'>verbis</span> <span class='ocrx_word' id='word_1_159' title='bbox 1233 3148 1487 3222; x_wconf 57' lang='lat' dir='ltr'>nobilis,</span> 
     </span>
    </p>
   </div>
  </div>
 </body>
</html>
