2278 3794
454 320 569 379 ιω
956 274 1574 377 nusou11·

457 466 570 526 Aut
594 460 902 537 spumantis
924 463 1045 540 apri
1080 462 1306 527 cursum
1334 463 1677 527 clamoribus
1696 470 1865 543 urges
1887 512 1911 538 ‚

459 563 825 639 subsidisque
849 562 1005 625 fero?
1032 558 1259 629 moneo
1281 578 1495 635 tamen,
1525 585 1704 643 usque
1725 567 1956 631 recuses

459 665 747 741 Stringere
763 662 1042 726 fulmineo
1059 664 1342 727 venabula
1361 664 1628 727 cominus
1649 665 1814 729 hosti.

460 764 801 843 Exemplum
824 766 897 827 de
918 766 1087 827 fratre
1118 766 1279 833 time,
1305 768 1403 843 qui
1427 766 1580 828 veste
1591 769 1835 829 redusta.

460 867 722 929 Ostentat
753 866 935 927 foedas
956 885 1132 943 prope
1165 867 1350 943 turpia
1387 865 1642 929 membra
1667 867 1903 932 lacunas
1929 914 1953 947 ,

461 968 853 1045 Perfoffasque
873 980 1034 1029 nates
1058 967 1250 1030 vicino
1272 969 1482 1045 podice
1505 968 1702 1030 nudat.

401 1067 410 1075 “
460 1068 605 1131 Inde
628 1068 934 1131 ostentator
963 1066 1200 1129 volitat:
1235 1070 1507 1131 mirentur
1531 1082 1592 1129 ut
1616 1068 1800 1144 ipsum
1871 1100 1878 1106 ·

465 1171 749 1247 Gedippa,
776 1168 1110 1246 Ursinusque
1128 1168 1279 1237 suuS,
1302 1170 1605 1247 prolesque
1627 1170 1823 1245 ,Iovini
1841 1214 1860 1241 ‚

460 1272 876 1346 Taurinusque‚
919 1267 1105 1345 ipsum
1126 1270 1326 1347 priscis
1357 1270 1630 1333 heroibus
1647 1290 1872 1349 aequans
1893 1292 1914 1333 τ

466 1368 665 1457 Qualis
697 1371 753 1430 in
790 1368 1005 1433 Olcnio
1040 1372 1223 1433 vistor
1253 1372 1606 1450 Calydonius
1625 1391 1799 1449 apro,
1859 1414 1870 1427 ·

463 1476 578 1535 Aut
606 1470 992 1549 Erymantheo
1017 1472 1200 1548 pubes
1224 1472 1334 1533 fuit
1365 1472 1545 1535 Attica
1569 1472 1842 1537 monstro.

465 1573 580 1637 Sed
604 1586 663 1633 tu
686 1592 853 1650 parce
870 1572 1005 1634 feris
1027 1574 1325 1635 venatibus
1345 1616 1364 1646 ‚
1406 1578 1458 1635 ἃ
1491 1574 1627 1651 fuge
1649 1587 1788 1636 nota

468 1676 717 1737 Crimina
742 1673 1057 1752 sylvarum:
1085 1694 1157 1735 ne
1189 1674 1256 1734 fis
1282 1674 1546 1752 Cinyreia
1566 1674 1786 1751 proleS,

466 1778 835 1863 Accedasque
853 1777 1059 1837 iterum
1076 1776 1287 1837 Veneri
1317 1775 1628 1853 plorandus
1649 1776 1894 1844 Adonis·

471 1880 564 1941 Sic
588 1893 744 1940 certe
764 1878 977 1940 crinem
1006 1878 1186 1940 flavus
1204 1920 1223 1951 ‚
1263 1877 1576 1953 niveusque
1591 1876 1830 1940 lacertos
1850 1922 1870 1954 ,

412 1965 419 1971 ¹
470 1978 763 2042 Caesuriem
782 1979 1006 2041 rutilam
1028 1999 1126 2057 per
1144 1979 1388 2041 candida
1410 1978 1556 2040 colla
1571 1978 1828 2040 rei'uudis
1849 1999 1866 2043 ε

470 2081 704 2144 Ρεέὶοῐε
726 2081 797 2142 fic
820 2096 1019 2141 tenero
1040 2127 1056 2151 ‚
1087 2081 1256 2154 plana
1285 2079 1612 2154 ficjunoeus
1629 2080 1758 2142 alvo
1784 2124 1803 2152 ,
1876 2105 1879 2108 ·

472 2182 576 2243 Per
599 2193 808 2244 teretes
831 2181 1108 2263 feminum
1130 2199 1300 2258 gyros
1317 2225 1334 2253 ‚
1365 2179 1629 2258 surasque
1649 2181 1898 2242 nitentes

471 2280 809 2352 DescendiS,
838 2279 983 2342 talos
1005 2279 1038 2342 a
1064 2283 1280 2343 vertice
1308 2281 1544 2358 pulcher
1559 2283 1632 2344 ad
1650 2282 1812 2343 imos.

476 2381 673 2458 Qualis
689 2382 981 2442 floricoma
998 2383 1292 2459 quondam
1310 2379 1612 2460 populator
1629 2384 1686 2444 in
1703 2383 1872 2445 AEtna
1892 2426 1912 2458 ,

472 2481 766 2558 virgineas
785 2483 931 2542 inter
956 2483 1194 2544 choreas
1211 2484 1432 2546 Deoida
1449 2497 1668 2562 raptam

476 2581 707 2646 Sustulit
746 2583 991 2646 emersus
1030 2585 1226 2663 stygiis
1268 2585 1593 2646 fornacibus
1633 2585 1838 2651 Orcus·

351 2735 359 2743 .
475 2691 563 2749 An
606 2687 733 2761 quia
778 2701 1012 2748 venatus
1052 2686 1129 2747 ob
1169 2700 1324 2748 tanta
1365 2685 1613 2762 pericula
1653 2684 1802 2748 vitas
1817 2729 1838 2758 ‚

476 2785 734 2850 Piscan'di
754 2787 989 2849 traheris
1008 2787 1192 2848 studio
1214 2791 1241 2850 ‘2
1268 2808 1396 2848 nam
1418 2801 1537 2850 tota
1554 2784 1809 2864 supellex

477 2889 835 2966 Domnotoni
851 2888 991 2950 tales
1010 2889 1170 2948 solita
1191 2889 1270 2947 est
1290 2889 1588 2950 ostendere
1601 2906 1807 2966 gazas:

478 2989 741 3050 Nodosas
770 2989 947 3052 {restes
966 2989 1321 3052 animantum
1347 2991 1399 3052 N
1408 2991 1692 3051 crinorum
1717 3009 1734 3051 ε

476 3089 551 3150 Et
575 3089 757 3161 jacula
774 3133 791 3162 ‚
822 3093 873 3150 6<
896 3091 1121 3162 fundas,
1153 3093 1207 3152 δι
1229 3077 1414 3154 villica
1437 3091 1672 3154 nomina
1690 3089 1813 3154 lini.

425 3179 431 3184 ’
480 3187 754 3272 Colaque‚
778 3190 1083 3252 &indutos
1117 3192 1356 3252 terrenis
1383 3190 1668 3253 vermibus
1683 3190 1900 3254 hamos.
2039 3175 2094 3220 ’ἦ
