2278 3794
735 278 1409 364 EPISTOLAE.
1725 303 1839 374 2⁶3

271 448 376 510 Vis
393 446 594 509 novies
615 447 798 509 denos
823 447 1012 510 dicam
1032 492 1052 521 ,
1086 448 1397 526 deciesque
1416 468 1677 514 novenos

349 548 458 613 Isse
474 550 642 613 dies?
673 549 820 613 Anni
837 550 1028 627 portio
1053 563 1251 627 quarta
1276 550 1435 613 abiit.

272 651 582 730 Sexaginta
595 649 764 713 horas
781 649 946 727 super
969 654 1023 713 &
1042 652 1160 712 duo
1183 651 1359 713 millia
1376 663 1609 713 centum

344 752 434 816 Te
451 752 566 814 fine
583 749 935 829 consumpfi:
966 772 1090 829 quo
1113 752 1231 813 fine
1254 754 1307 813 &
1328 752 1465 813 hora
1490 752 1693 829 gravis.

269 854 461 916 Millia
479 854 566 915 bis
581 866 872 932 nongenta
890 851 1054 929 jubet
1076 852 1367 915 demensio
1388 851 1581 930 legum

349 954 730 1016 Adnumerata
753 972 882 1016 reos
904 974 1002 1031 per
1023 966 1112 1015 tot
1135 953 1297 1017 obire
1314 954 1457 1020 dies.

276 1055 403 1129 Jam
427 1054 590 1131 potui
609 1054 847 1117 Romam
864 1058 1040 1131 pedes
1061 1056 1143 1117 ire
1159 1099 1178 1130 ‚
1202 1056 1493 1134 pedesque
1520 1056 1725 1117 reverti
1745 1098 1768 1131 ,

349 1156 436 1219 Ex
459 1175 573 1233 quo
592 1170 648 1217 te
671 1158 944 1218 dirimunt
967 1156 1138 1217 millia
1156 1176 1338 1235 pauca
1365 1156 1525 1219 mihi.

272 1254 502 1334 scirpea
522 1256 880 1319 Domnotoni
901 1258 1043 1320 tanti
1075 1257 1154 1319 est
1177 1256 1457 1319 habitatio
1480 1257 1592 1321 vati
1612 1260 1643 1320 ἵ

355 1357 644 1421 Pauliacos
663 1360 805 1421 tanti
829 1378 946 1419 non
970 1356 1109 1419 mihi
1128 1357 1259 1419 villa
1278 1359 1447 1421 foret.

267 1462 354 1521 An
375 1461 504 1536 quia
532 1480 634 1536 per
660 1458 908 1522 tabulam
932 1460 1164 1522 medico
1185 1454 1474 1537 pugnante
1496 1470 1751 1522 notatam
1769 1503 1790 1534 ,

342 1560 551 1622 Debita
569 1560 784 1623 summa
805 1560 945 1621 mihi
969 1560 1084 1635 est;
1113 1580 1187 1623 ne
1210 1574 1532 1639 repetamus
1549 1604 1566 1632 ‚
1608 1559 1742 1623 abes
1757 1562 1791 1622 ἲ

266 1660 364 1722 Bis
394 1658 611 1736 septem
637 1660 835 1722 rutilos
849 1660 1038 1739 regale
1066 1664 1349 1723 nomisma
1380 1661 1673 1739 Philippeo
1692 1705 1715 1736 ,

345 1760 473 1822 Nec
500 1760 646 1821 tanti
668 1760 914 1832 fuerint,
936 1762 1177 1836 perdere
1204 1759 1357 1821 malo
1378 1806 1395 1833 ‚
1424 1758 1677 1824 Theon:

265 1858 616 1939 Implicitam
635 1878 804 1938 quam
831 1874 888 1922 te
912 1859 1110 1924 nostris
1136 1862 1359 1923 interne
1384 1860 1651 1924 medullis

346 1962 562 2025 Defore
589 1975 706 2024 tam
729 1961 883 2040 longi
907 1963 1181 2042 temporis
1200 1963 1259 2023 in
1282 1960 1462 2040 spatio

271 2063 424 2141 Ergo
449 2076 548 2126 aut
566 2063 868 2141 praediGtos
888 2065 1006 2140 jam
1027 2084 1181 2126 nunc
1199 2063 1445 2128 rescribe
1474 2063 1719 2142 Darios;

342 2165 414 2226 Et
435 2165 652 2226 redime
670 2210 690 2239 ,
733 2182 795 2228 ut
820 2186 978 2227 mora
1001 2165 1065 2227 fit
1082 2165 1258 2228 libera
1292 2166 1547 2228 defidiae:

265 2268 379 2330 Aut
395 2265 534 2327 alios
551 2263 583 2328 ὲ
604 2285 697 2330 me
720 2268 964 2330 totidem
993 2267 1181 2329 dabo:
1210 2269 1530 2331 dummodo
1553 2267 1671 2332 cari

344 2367 658 2444 Conspicer
674 2388 770 2431 ora
786 2370 926 2440 viri,
953 2369 1216 2446 pauperis
1232 2389 1411 2447 usque
1427 2369 1583 2434 lieet.

199 2474 205 2480 '
263 2467 459 2545 Puppe
477 2470 622 2531 citus
637 2489 878 2546 propera
896 2514 914 2542 ‚
940 2469 1268 2547 sinuosaque
1285 2468 1459 2534 lintea
1487 2470 1601 2532 veli

291 2597 298 2604 ’
341 2570 556 2632 Pande.
635 2567 947 2631 Medullini
975 2585 1033 2631 te
1053 2571 1207 2663 ¹feret
1229 2591 1359 2634 aura
1384 2572 1511 2632 noti
1546 2551 1555 2560 ’
1580 2561 1589 2572 “

265 2669 596 2744 Expofitum
619 2667 810 2730 subter
838 2669 1070 2746 paradas
1089 2713 1108 2744 ,
1135 2668 1400 2746 lectoque
1416 2674 1739 2746 jacentem:

342 2770 609 2846 Corporis
628 2782 691 2831 ut
712 2770 854 2830 tanti
874 2790 991 2830 non
1013 2785 1307 2831 moveatur
1330 2763 1491 2832 onus,

269 2870 427 2932 Unus
448 2871 802 2932 Domnotoni
822 2883 880 2931 te
896 2869 1085 2934 littore
1104 2870 1350 2946 perferet
1368 2869 1526 2931 aestus

338 2969 657 3034 Condatem
676 2973 748 3036 ad
773 2985 1000 3054 portum
1025 2993 1040 3036 ε
1070 2971 1106 3031 fi
1127 2972 1303 3033 modo
1326 2973 1688 3050 deproperes·

1117 3072 1171 3136 R
1208 3092 1247 3148 4
1678 3073 1685 3080 '
