2278 3794
409 305 519 365 170
921 290 1469 359 AUSONH

377 500 382 510 ,
407 438 526 517 Qui
550 440 758 519 refugit
779 454 1036 507 matrem.
1097 446 1341 523 PappoS,
1369 446 1635 525 aviasque
1660 460 1978 513 trementes
2034 434 2039 439 ⁶

405 542 752 607 Au'teferunt
775 544 1027 622 patribus
1049 546 1153 607 seri
1181 568 1329 609 nova
1355 568 1490 610 cura
1509 562 1769 625 nepotes,
1958 527 1967 539 ⁸

409 644 506 706 sic
530 664 717 721 neque
739 646 970 711 Peliben
994 648 1241 709 terrebat
1270 649 1523 711 Achillea
1551 650 1768 712 Chiron

405 744 734 809 Theffalico
763 749 1082 823 permixtus
1105 770 1289 826 equo:
1334 771 1441 813 nec
1474 751 1683 827 pinifer
1699 750 1856 814 Atlas

406 846 980 926 Amphitryoniadem
1013 870 1288 927 puerum:
1336 850 1435 912 sed
1465 851 1707 913 blandus
1732 859 1975 928 uterque

407 945 656 1013 Mitibus
677 950 944 1028 alloquiis,
965 965 1193 1014 teneros
1220 951 1508 1014 mulcebat
1534 952 1817 1014 alumnos,

411 1048 504 1112 Tu
522 1071 696 1129 quoq3
715 1072 788 1134 ne
807 1056 1304 1131 metuaszquamvis
1322 1053 1513 1117 schola
1530 1055 1767 1117 verbere
1788 1052 1972 1115 multo

409 1146 698 1227 Increpet,
720 1156 774 1214 &
792 1153 1109 1218 truculenta
1133 1154 1306 1217 senex
1336 1170 1495 1234 gerat
1516 1176 1615 1217 ora
1636 1155 1914 1233 magister.

408 1250 736 1329 Degeneres
753 1256 971 1316 animos
990 1255 1161 1317 timor
1178 1257 1361 1335 arguit
1382 1278 1397 1319 ε
1439 1270 1499 1319 at
1514 1239 1617 1318 tibi
1658 1256 1853 1319 consta

407 1350 906 1430 Intrepidu831nec
933 1371 990 1418 te
1017 1356 1252 1430 clamor,
1276 1356 1566 1436 plagaeque
1590 1357 1853 1419 sonantes
1870 1400 1891 1431 ,

409 1454 470 1517 N
475 1474 540 1517 ec
565 1456 855 1518 matutInis
875 1458 1052 1535 agitet
1071 1459 1323 1519 formido
1342 1458 1438 1520 [ub
1469 1459 1656 1521 horis:
1760 1480 1767 1487 “

411 1556 591 1632 Quod
610 1556 890 1634 sceptrum
909 1559 1092 1621 vibrat
1107 1559 1320 1633 ferulae,
1352 1562 1507 1637 quod
1525 1560 1697 1630 multa
1713 1558 1971 1641 supellex

411 1657 616 1735 Virgea
643 1702 661 1730 ‚
702 1661 856 1734 quod
885 1660 1060 1723 fallax
1105 1660 1377 1723 scuticam
1420 1660 1890 1738 praetexitaluta:
1964 1720 1968 1725 ,

408 1758 590 1833 Quod
609 1760 830 1823 fervent
853 1763 1078 1841 trepido
1104 1759 1365 1824 subsellia
1402 1762 1577 1825 vestra
1606 1762 1875 1824 tumultu.

291 1901 295 1906 -
409 1860 626 1940 Pompa
643 1860 790 1944 Loci,
831 1866 884 1926 δι
909 1864 1040 1926 vani
1067 1864 1316 1942 fugiatur
1345 1862 1513 1927 scena
1536 1864 1779 1929 timoris·

407 1963 550 2026 Haec
574 1965 710 2025 olim
736 1967 1073 2042 genitorque
1099 1979 1265 2039 tuus,
1308 1967 1668 2042 genitrixque
1688 1965 1871 2028 secuti
1948 2035 1955 2044 .

410 2067 680 2138 Securam
702 2065 930 2143 placido
959 2066 1099 2128 mihi
1127 2065 1474 2144 permulsere
1500 2066 1805 2128 senee'tam.

406 2165 500 2227 Tu
535 2166 749 2227 senium
769 2211 787 2241 ,
843 2167 1227 2255 quodcunque
1258 2167 1773 2244 superlabentibus
1803 2165 1968 2228 annis

409 2265 546 2330 Fata
567 2267 817 2340 dabunt,
873 2269 968 2346 qui
991 2285 1207 2329 nomen‘
1234 2270 1325 2330 avi
1354 2270 1498 2351 geris
1516 2268 1717 2330 indole
1744 2269 1964 2345 prima,

407 2367 592 2429 Prime
625 2380 828 2452 nepoS,
856 2369 948 2430 vel
975 2385 1036 2432 re
1057 2373 1150 2432 vel
1168 2370 1265 2448 spe
1286 2367 1423 2431 mihi
1444 2390 1621 2448 porge
1638 2370 1969 2432 fruendum.
2088 2411 2093 2425 .

407 2470 466 2534 N
473 2489 598 2532 unc.
612 2489 720 2546 ego
742 2482 800 2530 te'
820 2490 1081 2548 puerum,
1110 2491 1247 2532 mox
1265 2473 1322 2531 in
1343 2472 1688 2547 juvenilibus
1711 2470 1873 2531 annis
1890 2512 1911 2542 ,

403 2572 648 2649 jamque
671 2572 851 2634 virum
882 2593 1108 2634 cernam
1128 2618 1148 2646 ‚
1182 2573 1220 2634 ss
1244 2573 1469 2634 forsita
1498 2573 1748 2648 infferit3
1790 2584 1887 2631 aut
1925 2568 1969 2631 fi

407 2659 630 2737 Invidia
655 2674 734 2736 est
756 2719 774 2747 ,
809 2671 1056 2752 sperabo
1079 2689 1271 2735 tamen
1303 2719 1322 2747 ,
1363 2693 1472 2736 nec
1498 2688 1633 2736 vota
1660 2670 1925 2733 fatiscent
1946 2705 1969 2746 ,-

405 2774 484 2839 Ut
502 2777 696 2853 patriS‚
721 2790 894 2852 utque
913 2775 1024 2837 mei
1049 2795 1167 2836 non
1182 2772 1513 2848 immemor,
1544 2775 1717 2835 ardua
1742 2773 1972 2850 semper

408 2876 637 2940 Praemia
655 2876 948 2941 Musarum
971 2878 1201 2955 cupias:
1230 2877 1524 2965 [facundus
1556 2877 1611 2938 δι
1636 2873 1777 2938 olim

406 2979 536 3043 Hac
567 2982 822 3060 gradiare
846 2980 957 3052 via,
981 2998 1090 3056 qua
1109 2997 1215 3037 nos
1241 2975 1647 3054 praecessirnus:
1690 2977 1746 3036 δι
1770 2974 1866 3038 cui

403 3080 711 3148 Proconsul
737 3067 996 3156 genitor,
1042 3079 1341 3140 Praefectus
1366 3075 1956 3138 avunculusiustanu-

310 3237 314 3244 .
403 3184 638 3267 Berlege
653 3182 982 3262 quodcunq3
1001 3179 1078 3242 est
1092 3176 1481 3245 memorabile.
1507 3177 1672 3251 Priva
1686 3173 1962 3270 monebo.
