2278 3794
784 281 1371 349 EDYLle
1753 260 1876 357 ιη

615 437 715 503 vl.
796 432 1063 501 Cquo
1112 440 1286 498 Cruci
1322 436 1550 518 affixus.

300 584 461 651 Aeris
501 583 563 645 in
602 583 819 661 campis
843 626 862 655 ‚
907 594 1191 645 memorat
1229 602 1372 661 quos
1395 582 1560 649 Musa
1584 582 1868 663 Maronis,

300 688 569 766 Myrteus
606 695 865 746 amentes
908 684 1006 746 ubi
1048 685 1212 751 lucus
1251 698 1458 758 opacat
1497 699 1792 751 amantes·

308 788 487 865 Orgia
528 786 817 848 ducebant
857 786 1186 857 Heroides,
1232 788 1287 849 ἃ
1328 785 1424 848 sua
1466 806 1736 863 quaeque,

300 891 382 953 Ut
402 887 692 967 quondam
720 887 1076 963 occiderant,
1107 887 1207 950 leti
1224 905 1556 966 argumenta
1576 888 1874 982 gerebant,

303 990 572 1054 Errantes
613 987 768 1065 sylva
806 991 868 1050 in
907 1009 1152 1067 magna,
1194 992 1250 1053 &
1293 984 1404 1051 sub
1435 988 1564 1052 luce
1603 955 1876 1069 maligna,

306 1093 465 1155 lnter
482 1091 935 1168 arundineasque
956 1091 1585 1168 coma80gravidumque
1603 1111 1875 1170 papaver,

306 1193 385 1257 Et
422 1192 630 1254 tacitos
668 1191 783 1253 fine
817 1191 946 1254 labe
986 1192 1144 1253 lacus
1171 1236 1190 1264 ,
1236 1189 1350 1253 fine
1369 1196 1880 1259 murmurerivos:

312 1282 591 1371 Quorum*
617 1312 717 1369 per
756 1293 906 1369 ripas
945 1291 1234 1355 nebuloso
1261 1291 1478 1355 lumine
1521 1308 1780 1357 marcent

309 1394 457 1459 Fleti
500 1394 637 1455 olim
681 1414 876 1472 regum
918 1397 973 1457 δε
1015 1413 1323 1470 puerorum
1366 1397 1600 1457 nomina
1641 1396 1854 1473 florea,

313 1496 560 1560 Mirator
595 1494 921 1568 NarciffuS,
994 1498 1049 1557 δι
1091 1495 1404 1557 Oebalides
1441 1486 1838 1575 Hyacinthus,
1891 1540 1897 1548 ·

312 1598 388 1661 Et
418 1598 634 1659 Crocus
656 1597 1047 1670 auricomans,
1092 1598 1147 1658 &
1170 1597 1385 1660 mu'rice
1410 1599 1598 1674 pictus
1627 1600 1880 1699 Adonis,
1967 1610 1972 1623 '

314 1699 390 1762 Et
428 1697 643 1775 tragico
684 1694 922 1775 scriptus
967 1697 1184 1773 gemitu
1225 1696 1562 1759 Salaminius
1613 1698 1763 1761 AEas.

321 1800 576 1868 Omnia,
631 1818 753 1875 quae
793 1798 1059 1875 lacrymis
1096 1798 1458 1859 &amoribus
1483 1800 1650 1859 anxia
1672 1798 1892 1864 moestis

320 1903 612 1966 Exercent
652 1918 933 1961 memores
975 1899 1130 1961 obita
1171 1901 1288 1975 jam
1328 1909 1514 1960 morte
1553 1892 1837 1964 doloris:-

320 2002 531 2067 Rursus
572 2003 633 2063 in
670 2000 927 2062 arniffum
968 2015 1244 2064 revocant
1280 2002 1561 2064 Heroidas
1602 2020 1807 2065 aevum.

270 2145 273 2148 ·
321 2105 655 2169 Fulmineos
694 2102 921 2178 Semele
962 2105 1204 2181 decepta
1247 2122 1524 2182 puerpera
1565 2118 1757 2182 partus

324 2206 556 2279 Deflet,
630 2189 685 2266 δὲ
733 2204 1013 2267 ambustas
1044 2205 1294 2283 lacerans
1335 2225 1438 2282 per
1479 2205 1670 2267 inania
1713 2227 1894 2272 cunas

330 2305 588 2370 Ventilat
622 2307 891 2384 ignavum
929 2302 1168 2368 simulati
1207 2297 1462 2389 fulminis
1498 2308 1746 2386 ignem·

330 2407 495 2471 Irrita
536 2407 688 2468 dona
726 2427 1002 2484 querenS,
1046 2407 1183 2468 sexu
1222 2407 1411 2486 gavisa
1445 2409 1632 2484 virili,

332 2509 554 2572 Moeret
584 2510 643 2568 in
684 2509 975 2585 antiquam
1024 2509 1208 2570 Caenis
1241 2522 1506 2573 revocata
1540 2495 1796 2588 figuram.
1869 2505 1882 2514 “

334 2596 582 2674 Vulnera
600 2610 771 2673 liccat
786 2610 976 2671 adhuc
995 2609 1207 2670 Procris
1226 2630 1240 2672 ε
1274 2610 1575 2688 Cephaliq3
1601 2625 1900 2674 cruentam

334 2711 537 2788 Diligit
589 2714 641 2772 ἃ.
696 2709 948 2785 percussa
990 2729 1242 2774 manum.
1322 2711 1455 2772 Fert
1503 2709 1723 2772 fumida
1763 2711 1902 2776 testa

336 2811 581 2874 Lumina
618 2811 857 2884 Sestiaca
899 2829 1150 2888 praeceps
1201 2812 1274 2871 de
1314 2823 1466 2872 turre
1507 2809 1713 2887 puella.
1867 2799 1874 2806 ’

334 2911 521 2976 Et.de
562 2911 825 2974 nimboso
859 2910 1063 2980 saltum
1120 2912 1370 2975 Leucate
1420 2913 1668 2974 minatur

338 3011 596 3076 Mascula
650 3013 937 3077 Lesbiacis
980 3013 1214 3092 Sappho
1259 3015 1510 3094 peritura
1553 3015 1787 3094 sagittis,

339 3115 671 3182 Harmoniae
714 3115 899 3180 cultus
951 3116 1227 3195 Eriphyle
1267 3116 1466 3182 moesta
1500 3117 1770 3197 recusat,
