2278 3794
695 270 1373 391 EPISTOL'AE.
1697 342 1813 403 259

253 480 410 558 Quid
434 479 580 558 geris
599 522 618 553 ‚
643 480 914 541 extremis
935 478 1149 557 positus
1166 464 1379 540 telluris
1393 478 1451 540 in
1480 479 1593 555 oris
1614 524 1633 553 ,

253 582 452 647 Cultor
473 584 810 644 harenarum
827 596 984 643 vates
1008 584 1038 641 2>
1064 582 1158 643 cui
1182 578 1339 640 littus
1368 582 1639 643 arandum
1658 624 1676 651 ‚

252 684 666 747 Oceanifinem
689 684 874 760 juxta.
903 682 1215 759 Solemque
1236 681 1579 743 cadentem:

251 784 394 845 vilis
413 785 740 846 arundineis
767 782 1003 845 cohibet
1020 802 1189 860 quem
1211 781 1440 859 pergula
1462 782 1658 845 tectis:
1790 792 1801 805 ·

251 886 328 949 Et
348 887 518 963 tingit
534 886 702 963 piceo
722 883 1035 962 lacrymosa
1061 884 1323 947 colonica
1352 882 1533 945 fumo.

256 987 416 1062 Quid
435 1006 620 1047 rerum
638 1030 656 1061 ‚
701 984 996 1062 musaequae
1017 998 1243 1065 gerunt,
1268 986 1321 1047 ἃ
1340 997 1540 1046 cantor
1553 982 1761 1062 Apollo
1779 986 1810 1048 ἲ

254 1085 440 1149 Musae
463 1106 577 1147 non
597 1087 879 1151 Helieone
919 1086 1066 1155 satae‚
1091 1106 1201 1147 nec
1226 1086 1391 1147 fonte
1412 1085 1653 1153 caballiz

258 1188 374 1249 Sed
406 1207 527 1263 quae
553 1189 806 1251 fecundo
828 1190 901 1249 de
929 1192 1162 1267 pestore
1182 1188 1529 1250 Clementini
1575 1223 1582 1230 ·

188 1314 190 1318 ·
257 1288 540 1366 Inspirant
570 1310 781 1352 vacuos
806 1290 989 1351 aliena
1015 1305 1209 1351 mente
1246 1294 1465 1366 poetas.

256 1390 292 1465 J
298 1410 396 1451 ure
415 1392 650 1468 quidem
673 1413 686 1453 :
711 1410 842 1453 nam
859 1392 982 1468 quis
999 1390 1159 1451 malit
1175 1389 1271 1451 sua
1284 1392 1535 1455 carmina
1550 1392 1665 1455 dici
1680 1436 1699 1467 ‚
1762 1408 1787 1436 ἰ

255 1494 375 1568 Qui
405 1508 462 1553 te
484 1493 682 1555 securo
706 1492 873 1569 poffit
903 1491 1269 1571 proscindere
1289 1492 1399 1554 risu
1415 1495 1445 1556 ’.θ

255 1594 396 1655 Haec
415 1613 644 1670 quoque
662 1608 736 1655 ne
755 1594 1002 1655 nostrum
1031 1592 1241 1671 poffint
1282 1613 1481 1670 urgere
1498 1594 1777 1670 pudorem
1794 1638 1813 1669 ,

142 1742 148 1748 .
257 1694 350 1755 Tu
379 1696 586 1755 recita:
621 1698 674 1755 ἀ
693 1713 827 1755 vere
849 1710 1120 1771 poterunt
1137 1708 1233 1755 tua
1254 1694 1405 1756 dista
1423 1695 1625 1755 videri.
1690 1724 1699 1741 ·

259 1794 450 1869 Quam
467 1804 658 1855 tamen
675 1810 908 1855 exerces
929 1792 1297 1855 Medulorum
1318 1794 1375 1854 in
1396 1794 1589 1855 littore
1609 1796 1815 1867 vimm?

259 1894 554 1956 mercatus
572 1913 644 1954 ne
677 1896 852 1971 agitas
870 1938 888 1967 ,
927 1893 1145 1955 leviore
1169 1894 1511 1956 nomismate
1533 1910 1769 1972 captans
1794 1941 1814 1974 ,

258 1994 478 2060 Insanis
497 1995 650 2071 quod
674 2015 808 2056 mox
828 1997 1022 2073 pretiis
1043 1996 1227 2073 gravis
1242 1997 1429 2057 austio
1452 1997 1664 2058 vendat
1688 1999 1719 2059 ‘2

259 2096 556 2160 Albenteis
576 2094 690 2158 sevi
721 2095 1004 2174 globulos,
1036 2100 1088 2158 ἃ
1117 2096 1351 2174 pinguia
1379 2116 1522 2159 cerae
1790 2159 1795 2165 ,

261 2198 542 2274 Pondera,
567 2199 892 2276 Narciamq3
915 2199 1124 2277 picem,
1162 2197 1437 2274 sciffamq3
1463 2217 1739 2276 papyrum
1756 2242 1776 2274 ,

260 2299 678 2377 Fumantesque
697 2299 934 2363 obidum
959 2301 1229 2378 paganica
1251 2300 1464 2361 lumina
1483 2301 1656 2361 taedas
1670 2303 1699 2362 ἱ)

259 2403 347 2464 An
371 2402 580 2476 majora
599 2421 822 2478 gerens,
847 2419 970 2464 tota
993 2401 1229 2480 regione
1253 2417 1523 2480 vagantes

260 2501 612 2578 Persequeris
638 2503 791 2564 fures
809 2505 838 2564 ?
858 2487 1050 2580 quite,
1070 2503 1349 2580 postrema
1367 2503 1633 2563 timentes
1657 2547 1677 2576 ,

259 2603 328 2664 In
354 2619 592 2680 partem,
619 2604 982 2678 praedamque
1001 2617 1232 2664 vocent.
1266 2603 1357 2663 Tu
1376 2603 1549 2674 mitiS,
1574 2606 1629 2664 ἃ
1651 2601 1779 2662 osor
1880 2663 1883 2668 ,

263 2702 561 2778 Sanguinis
590 2700 823 2763 humani
849 2703 1146 2775 condonas
1172 2703 1411 2764 crimina
1429 2703 1712 2772 nummis,

263 2803 639 2880 Erroremque
654 2821 848 2876 vocas,
876 2803 1235 2880 pretiumque
1258 2803 1511 2878 imponis
1530 2803 1742 2865 abaetis

263 2900 478 2976 Bobus‚
495 2907 550 2964 ἃ
569 2905 626 2962 in
655 2917 874 2980 partem
893 2903 1164 2964 scelerum
1183 2905 1256 2964 de
1272 2903 1463 2978 judice
1478 2901 1717 2966 tranfis?

265 3007 354 3068 An
373 3023 505 3066 cum
526 3004 698 3064 fratre
715 3023 890 3082 vagos
907 3003 1138 3066 dumeta
1166 3000 1267 3081 per
1284 3006 1407 3065 avia
1424 3024 1623 3067 cervos

269 3105 604 3170 Circumdas
629 3105 884 3184 maculis,
915 3107 970 3169 δι
991 3105 1167 3167 multa
1184 3106 1453 3184 indagine
1466 3107 1653 3184 pinuae
1672 3108 1705 3169 ἳ

858 3205 872 3214 “
995 3239 1008 3252 --
1125 3205 1177 3270 R
1217 3218 1255 3271 Ξ
