2278 3794
425 304 540 351 202
862 259 1471 351 *muscum

427 438 628 513 Teque
647 436 798 499 inter
811 436 1035 499 medios
1051 436 1467 513 hominumque
1488 430 1977 526 boumq3labore8,

425 538 817 621 Stringentem
837 537 1008 615 ripaS,
1041 541 1096 601 &
1118 538 1347 615 pinguia
1370 536 1521 601 culta
1547 535 1851 599 secantem.

422 639 482 701 N
487 658 563 701 on
587 630 692 701 tibi
714 638 769 699 se
797 639 962 717 Liger
985 638 1291 714 anteferet,
1318 657 1435 699 non
1459 642 1657 701 Axona
1682 656 1933 715 praeceps
1958 658 1991 713 ς·

427 739 700 803 Matrona
720 760 836 801 non
853 784 872 813 ,
899 739 1116 811 Gallos,
1143 739 1456 817 Belgasque
1477 738 1723 802 interlita
1739 738 1883 800 fines
1902 757 1921 807 ς

429 842 741 905 Santonico
764 841 972 903 refluus
993 861 1110 901 non
1139 839 1259 917 ipse
1287 840 1641 903 Carantonus
1672 839 1823 902 aestu.

429 944 734 1005 Concedes
749 940 942 1021 gelido
961 942 1178 1004 Durani
1198 942 1273 1003 de
1296 954 1494 1003 monte
1522 941 1749 1005 volutus

367 1091 396 1129 ·-
425 1045 661 1107 Amnis:
692 1046 747 1105 ἂ
769 1042 1074 1104 auriferum
1101 1042 1407 1120 postponet
1437 1042 1618 1105 Gallia
1641 1044 1911 1106 Tarnem.

397 1144 807 1221 ·Insanumque
833 1162 1000 1203 ruens
1021 1162 1124 1221 per
1149 1141 1279 1202 saxa
1308 1143 1550 1203 rotantia
1573 1142 1687 1205 late

319 1288 328 1295 -
423 1243 490 1307 In
511 1264 664 1306 mare
684 1262 1051 1321 purpureum,
1080 1243 1329 1308 dominae
1354 1259 1545 1315 tamen
1568 1256 1703 1304 ante
1727 1242 1985 1306 Mosellae

427 1346 682 1409 Numine
707 1347 966 1419 adorato,
989 1336 1343 1407 Tarbellicus
1370 1344 1478 1406 ibit
1498 1346 1749 1407 Aturrus.

505 1489 781 1567 Corniger
807 1505 1072 1553 externas
1088 1488 1433 1553 celebrande
1457 1486 1700 1551 Mosella
1717 1504 1813 1563 per
1832 1503 1981 1558 orac,

427 1591 560 1655 Nec
585 1589 720 1653 solis
745 1590 1086 1653 celebrande
1119 1590 1283 1663 locis,
1309 1589 1408 1653 ubi
1434 1589 1597 1651 fonte
1618 1586 1881 1665 supremo

426 1691 652 1756 Exseris
685 1707 940 1755 auratum
973 1692 1208 1757 taurina:
1232 1691 1437 1753 frontis
1466 1690 1785 1751 honorem:

429 1794 675 1872 Quaque
697 1794 872 1855 trahis
904 1792 1161 1873 placidos
1184 1792 1398 1855 sinuosa
1422 1812 1521 1871 per
1540 1811 1675 1853 arva
1690 1802 1931 1852 meatus.

427 1894 539 1959 vel
575 1917 686 1973 qua
727 1896 1028 1961 Germanis
1067 1894 1171 1958 sub
1212 1894 1488 1974 portubus
1528 1892 1675 1966 ostia,
1706 1888 1909 1954 solvis:

361 2007 368 2018 “
430 1998 494 2062 Si
539 1981 664 2074 quie
696 1997 884 2060 honos
915 1997 1074 2059 tenui
1109 1996 1267 2058 volet
1300 1996 1543 2072 aspirare
1574 2013 1858 2064 camenae,

428 2100 672 2162 Perdere
694 2098 730 2159 fi
756 2101 881 2174 quis
904 2101 964 2158 in
987 2097 1075 2158 his
1106 2097 1431 2174 dignabitur
1450 2096 1565 2156 otia
1595 2094 1773 2158 Musis
1790 2137 1810 2166 ,
1836 2150 1849 2159 .
1942 2162 1950 2171 „

429 2200 548 2264 Ibis
567 2200 632 2260 in
647 2218 745 2260 ora
769 2197 1066 2259 hominurn
1088 2239 1108 2272 ,
1150 2196 1398 2274 laetoque
1417 2195 1690 2260 fovebere
1720 2206 1909 2260 cantu.

429 2300 520 2365 Te
545 2292 758 2372 fontes,
788 2299 1018 2374 vivique
1043 2297 1199 2359 lacus
1220 2341 1239 2376 ,
1283 2309 1343 2358 te
1364 2295 1589 2357 coerula·
1612 2295 1853 2358 noscent
1942 2365 1950 2373 ,

429 2398 724 2462 Flumina:
761 2412 824 2460 te
865 2411 1085 2460 veteres
1126 2416 1401 2476 pagorum
1441 2395 1619 2474 gloria
1658 2397 1812 2472 luci;

430 2500 520 2565 Te
553 2497 786 2574 Druna,
826 2511 885 2561 te
923 2497 1118 2576 spatiis
1158 2489 1375 2560 incerta
1406 2497 1688 2565 Druentia
1714 2497 1891 2573 ripis,

335 2625 340 2632 ·
427 2583 742 2686 Alpinique
761 2599 957 2663 colent
970 2599 1130 2662 fluvii
1148 2644 1169 2675 ,
1193 2596 1595 2677 duplicemque
1614 2617 1713 2675 per
1731 2596 1933 2660 urbem

437 2703 554 2792 Qui
573 2718 746 2778 meat,
769 2705 822 2766 δι
856 2702 1087 2766 Dextrae
1119 2699 1433 2769 Rhodanus
1463 2699 1561 2762 dat
1576 2699 1810 2760 nomina
1838 2699 1988 2775 ripae.

433 2803 742 2882 Testagnis
768 2823 879 2884 ego
913 2802 1205 2876 caeruleiS,
1247 2796 1629 2880 magnumque
1660 2797 1878 2861 sonoris

431 2905 1008 2985 Amnibur,aequoreae
1029 2916 1088 2966 te
1107 2901 1529 2968 commendabo
1555 2901 1872 2965 Garumnae.
