2278 3794
415 297 491 340 22
715 278 1646 345 AUSONIIVITA.

389 446 545 496 tans
599 431 813 508 aliquid
870 431 1094 518 semper
1152 431 1460 506 scriberet,
1517 431 1796 510 quidquid
1824 417 1988 494 tein-

417 535 572 610 poris
640 534 909 597 videlicet
974 533 1276 598 cessaretur
1331 532 1365 596 a
1420 534 1594 598 bello,
1671 533 1977 608 Maxime,

419 656 551 696 cum
594 637 667 697 de
706 637 895 711 praeda
934 637 988 697 ei
1031 636 1263 712 puella,
1302 635 1439 699 scita
1478 635 1686 709 forma,
1736 636 1980 697 nomine

418 736 703 812 Sulpitilla
744 737 947 800 Bissula
990 725 1349 812 obvenisset,
1413 738 1474 798 in
1515 756 1642 798 eam
1695 735 1985 799 delicatis..

422 840 571 902 funis
636 841 1054 917 epigrammatis
1109 840 1168 900 in
1225 837 1345 916 ipsa
1397 839 1770 916 expeditione
1824 837 1970 900 lufit.

418 940 597 1016 Quod
633 943 845 1006 accidit
886 962 999 1018 quo
1058 955 1322 1017 ternpore
1361 941 1433 1002 ad
1475 939 1858 1016 Lupodunum
1920 942 1990 1004 Sc.

300 1077 307 1088 .
414 1041 579 1104 Nicri
617 1043 775 1103 fluvii
812 1057 987 1119 caput
1023 1039 1107 1101 in²³
1137 1041 1347 1106 finibus
1396 1043 1710 1104 Suevorum
1771 1061 1980 1116 magna

412 1141 819 1204 Alemanorum
842 1185 863 1216 ,
906 1145 961 1204 δι
1002 1143 1244 1204 aliorum
1294 1143 1666 1208 Barbatorum
1703 1143 1909 1218 strages
1942 1139 1982 1204 ὲ

418 1241 822 1304 Valentiniano
882 1260 1088 1320 patre,
1161 1248 1216 1306 δι
1273 1245 1548 1308 Gratiano
1605 1248 1789 1328 Augg.
1843 1244 1982 1306 data

419 1341 576 1405 effet.
661 1344 916 1420 Qpaestor
952 1344 1025 1405 ab
1063 1349 1246 1422 Augg.
1305 1359 1503 1422 patre,
1567 1348 1622 1407 ἃ
1677 1345 1799 1405 filio
1859 1345 1985 1407 fac-

418 1461 509 1504 tus
533 1488 552 1515 ‚
597 1463 733 1505 mox
780 1443 1001 1522 duplici
1022 1447 1350 1521 praefectura
1375 1447 1708 1524 praecinctus
1734 1492 1750 1514 ,
1797 1447 1982 1523 prima

416 1543 629 1617 Italiae,
670 1545 843 1606 altera
889 1545 1232 1619 Galliarum,
1273 1567 1406 1608 cum
1443 1549 1634 1610 adhuc
1659 1547 1800 1609 effet
1836 1549 1976 1610 Tre·

416 1646 567 1708 veris
594 1690 613 1718 ,
654 1645 856 1708 absens
896 1647 1090 1708 consul
1126 1645 1160 1708 'a
1188 1649 1460 1710 Gratiano
1496 1650 1686 1710 Sirmii
1720 1649 1985 1726 defigna-·

354 1764 360 1769 ·
418 1760 545 1809 tus:
589 1747 905 1810 declaratus
944 1767 1011 1810 ac
1046 1749 1201 1826 prior
1240 1750 1602 1812 renunciatus
1640 1749 1739 1815 est.
1807 1751 1976 1826 eique

420 1851 480 1911 in
516 1849 725 1913 Gallias
770 1849 841 1913 ab
887 1852 1099 1917 'eodem
1155 1853 1294 1929 Aug.
1349 1851 1506 1914 miffa
1564 1835 1893 1936 palmata,‘'
1917 1853 1978 1913 in

418 1970 529 2029 qua
574 1954 645 2018 D.
684 1953 1045 2015 Constantius
1092 1956 1344 2014 intextus
1380 1966 1535 2022 erat,
1599 1952 1876 2028 collegam
1917 1954 1978 2015 in

417 2049 713 2114 consulatu
748 2053 1049 2115 suff-tetum
1076 2055 1280 2115 habuit
1319 2054 1620 2131 Olybrium
1661 2054 1978 2131 Hermoge-

416 2156 651 2215 nianum
700 2156 763 2217 V.
815 2156 879 2216 C.
926 2158 1007 2216 Ac
1044 2155 1141 2215 diu
1184 2155 1306 2230 post
1348 2154 1408 2213 in
1469 2152 1683 2216 Palatio
1728 2156 1978 2241 manfit:

418 2258 475 2317 ἃ
515 2254 819 2332 proconsul
851 2256 1024 2329 Aliae,
1090 2274 1228 2317 mox
1264 2259 1315 2317 &
1361 2255 1597 2317 vicarius
1660 2255 1980 2318 dioeceseos

419 2356 697 2418 Africanae
740 2357 868 2418 fuit.
947 2356 1121 2420 Paulo
1157 2372 1292 2419 ante
1339 2370 1598 2434 tempora
1645 2360 1973 2434 tyrannica,

419 2456 535 2519 hoc
576 2458 690 2532 est,
734 2477 903 2534 quam
941 2456 1208 2521 Clemens
1251 2454 1544 2521 Maximus
1573 2458 1634 2519 in
1672 2458 1977 2521 Britanniis

418 2562 727 2634 imperator
762 2555 797 2620 ἐι
839 2558 1113 2621 militibus
1151 2558 1418 2634 salutatus
1467 2560 1748 2623 Treveros
1789 2560 1980 2623 venis·

414 2659 537 2729 set,
584 2660 773 2722 adhuc
815 2662 1049 2722 vivente
1104 2663 1427 2735 Gratiano,
1493 2660 1684 2739 palam
1733 2661 1978 2735 beatus‚·

417 2780 486 2821 ac
502 2762 766 2823 omnibus
787 2761 1101 2823 honoribus
1122 2762 1476 2839 perfunctus,
1517 2762 1782 2833 Treveris
1799 2782 1976 2839 agens

418 2865 599 2939 coepit
638 2866 1028 2926 amoenitatem
1050 2866 1174 2939 ejus
1194 2868 1400 2927 tractus
1421 2907 1440 2937 ‚
1483 2866 1538 2926 δι
1569 2862 1817 2925 fluminis
1841 2863 1975 2925 Μο-

415 2963 561 3024 senae
598 2964 831 3027 delicias
854 2966 1133 3029 admirari.
1217 2965 1351 3041 Quo
1383 2980 1722 3042 argumento
1759 2964 1972 3027 mirum

416 3066 475 3125 in
510 3066 749 3127 modum
774 3066 1123 3137 oblectatum
1171 3065 1350 3141 coepit
1383 3065 1524 3127 illud
1550 3066 1776 3141 poetica
1799 3065 1972 3143 scrip.

414 3168 573 3229 tione
625 3166 952 3245 periclitari.
1031 3167 1101 3231 ld
1132 3168 1289 3245 quod
1331 3166 1384 3228 ei
1410 3208 1430 3240 ,
1497 3161 1563 3228 ut
1593 3164 1700 3229 alia
1737 3168 1928 3229 omnia
1950 3204 1972 3235 ‚
