2278 3794
728 308 1403 383 EPISTO‘LAE.
1727 326 1836 393 265

264 466 481 548 fluitem
520 479 591 529 ut
631 488 793 529 nunc
828 466 1154 547 respondeas
1187 470 1472 549 notiffi'mae
1507 472 1796 534 cantilena
1812 514 1830 546 ‚

284 575 391 650 qui
430 576 585 635 {Bam
622 574 907 633 novitiam
925 569 1160 647 filentio
1198 570 1594 648 condemnasti.

364 716 561 779 Ostrea
581 713 807 791 Bajanis
826 714 1122 786 certantia,
1149 724 1272 792 quae
1289 714 1657 779 Medulorum

286 816 567 880 Dulcibus
586 818 642 879 in
666 816 870 895 stagnis
892 817 1055 879 reflui
1077 817 1248 879 maris
1273 816 1433 879 aestus
1451 804 1704 894 opimat,

288 920 507 995 Accepi
530 918 735 982 dilecte
762 918 969 982 Theon
992 963 1011 991 ,
1052 916 1405 981 numerabile
1432 938 1655 984 munus.

288 1018 504 1083 Verum
521 1034 659 1096 quot
683 1020 913 1093 fuerint,
960 1017 1212 1095 subjecta
1234 1020 1584 1083 monosticha
1601 989 1840 1099 fignant.

286 1120 461 1195 -Quot
476 1113 564 1181 'ter
580 1120 819 1183 luctatus
842 1140 973 1183 cum
1002 1120 1212 1198 pollice
1235 1134 1529 1200 computat
1551 1122 1745 1185 index.

292 1221 589 1299 Geryones
611 1236 750 1299 quot
769 1235 929 1283 erant
956 1268 974 1296 ,
1012 1223 1204 1283 decies
1232 1221 1267 1283 fi
1298 1221 1768 1302 multiplicentur.

290 1322 410 1386 Ter
427 1338 566 1400 quot
584 1338 740 1384 erant
758 1324 985 1403 Phrygii
1009 1339 1297 1386 numerata
1317 1326 1596 1386 decennia
1617 1322 1769 1387 belli.

290 1425 407 1489 Aut
422 1438 507 1485 ter
535 1438 594 1485 ut
613 1422 823 1488 IEolidi
851 1422 1055 1487 mensis
1082 1437 1244 1485 tenet
1270 1418 1586 1503 ignicomus
1613 1425 1731 1493 Sol.
1835 1470 1848 1507 .-

289 1524 577 1586 Cornibus
598 1521 629 1585 ὲ
646 1525 841 1600 primis
859 1538 997 1600 quot
1018 1524 1193 1587 habet
1209 1544 1347 1602 vaga
1364 1525 1609 1603 Cynthia
1627 1529 1845 1590 nodles.

290 1625 524 1703 Singula
545 1627 821 1702 percurrit
843 1626 1015 1689 Titan
1042 1640 1182 1705 quot
1202 1626 1354 1703 figna
1371 1626 1588 1689 diebus

292 1727 567 1803 Quotque
595 1727 755 1787 annis
781 1724 1036 1787 sublimis
1070 1728 1186 1805 agit
1211 1725 1306 1788 sua
1339 1726 1538 1788 saecula
1581 1724 1846 1791 lhaenon.

292 1828 457 1905 Quot
484 1824 722 1888 numero
750 1846 1027 1887 annorum
1056 1824 1291 1888 Vestalis
1317 1828 1478 1906 virgo
1501 1828 1790 1891 ministrat.
1881 1888 1886 1894 .

292 1929 724 2006 Dardaniusque
749 1947 929 2005 nepos
958 1947 1133 2006 regno
1164 1943 1302 2006 quot
1321 1928 1558 2007 protulit
1579 1949 1782 1996 annos·

293 2031 590 2095 Priamidae
607 2043 745 2106 quot
762 2043 921 2092 erant
937 2073 957 2105 ,
985 2029 1021 2090 fi
1044 2030 1129 2091 bis
1158 2031 1294 2092 deni
1312 2029 1685 2093 retrahantur.

294 2129 503 2207 Bisque
530 2131 679 2192 viros
702 2149 985 2212 numeres,
1016 2131 1111 2208 qui
1128 2129 1241 2191 fata
1261 2130 1589 2210 Amphryfia
1609 2128 1848 2194 servant.

296 2233 463 2308 Quot
481 2233 675 2310 genuit
701 2232 875 2294 foetus
896 2231 1113 2295 Albana
1145 2231 1247 2294 sub
1278 2231 1505 2294 ilicibus
1532 2230 1642 2298 sus.

296 2332 372 2396 Et
389 2345 525 2410 quot
544 2331 671 2395 sunt
690 2333 830 2394 affes
850 2376 869 2407 ‚
902 2333 1001 2395 ubi
1028 2333 1338 2416 nonaginta
1366 2333 1621 2396 trientes,

300 2433 407 2498 vel
429 2448 568 2511 quot
584 2433 759 2495 habet
779 2435 1005 2509 junctos
1023 2432 1280 2497 Vasatica
1303 2427 1490 2498 rheda
1503 2432 1774 2498 caballos.
1854 2487 1858 2494 .

462 2529 638 2613 Quod
678 2533 720 2595 fi
760 2535 966 2613 figuras
1006 2535 1214 2596 fabulis
1254 2536 1650 2607 adumbratae,
1843 2533 1850 2539 ’

459 2637 893 2712 Numer-umque
910 2636 1094 2699 doffls
1107 2635 1428 2698 involutum
1445 2635 1782 2712 ambagibus

458 2735 691 2814 Ignorat
730 2735 847 2797 alto
887 2736 1048 2796 m'ens
1090 2735 1261 2799 obesa
1302 2736 1546 2800 viscere:

462 2837 780 2902 Numerare
820 2833 1005 2898 saltim
1049 2855 1208 2898 more
1247 2835 1398 2915 vulgi
1439 2823 1507 2897 ut
1543 2831 1770 2901 noveris
1796 2879 1816 2910 ‚

458 2936 525 2999 ln
566 2936 619 3000 se
669 2949 904 3002 retortas
946 2937 1250 3012 explicabo
1291 2924 1636 2999 summulas0“

375 3035 494 3101 Ter
520 3038 730 3112 denas,
774 3052 917 3116 puto
937 3082 957 3113 ‚
999 3038 1410 3116 quinquiesque
1450 3036 1628 3100 senas.

374 3136 481 3212 Vel
526 3140 613 3204 bis
654 3140 906 3220 quinque
931 3183 952 3216 ‚
995 3139 1207 3202 dehinc
1231 3139 1436 3203 decem
1459 3184 1478 3216 ‚
1519 3139 1860 3216 decemque,
