2278 3794
432 304 549 369 268
940 288 1484 361 AUSONH

428 452 575 527 Quae
619 446 770 510 testis
810 461 1079 511 concreta
1118 447 1266 521 suis,
1325 466 1431 509 ceu
1474 445 1604 507 saxa
1643 444 1956 509 cohaerent
1983 488 2010 517 ,

426 554 578 629 Quae
618 566 829 612 mutata
871 548 1003 612 loco
1026 592 1045 623 ‚
1091 548 1290 627 pingui
1327 566 1464 609 mox
1503 548 1738 610 condita
1775 547 1924 609 limo
1947 592 1976 623 ,

429 652 629 717 Nutrit
667 651 913 714 secretus
958 647 1238 737 conclusae
1277 647 1504 725 uliginis
1545 648 1788 721 humor}

426 755 773 819 Enumerare
812 752 975 826 jubes
1002 794 1019 823 ‚
1066 764 1228 811 vetus
1268 750 1304 811 ὁ
1345 750 1485 809 mibi
1524 749 1689 812 Paule
1730 748 1944 811 sodalis
1973 795 1998 827 ‚

428 856 747 921 Affuefaete
789 852 930 914 meis
966 849 1204 927 joculari
1245 850 1494 911 carmine
1534 850 1718 927 nugis·

365 986 371 989 ·
428 958 778 1035 Aggrediar3
816 952 1071 1029 quamvis
1110 970 1302 1013 curam
1345 971 1462 1011 non
1505 950 1601 1011 ista
1646 950 1883 1013 senilem

426 1058 790 1129 sollicitent,
836 1055 1095 1131 frugique
1132 1054 1255 1115 viro
1299 1053 1586 1129 dignanda
1621 1068 1915 1129 putentur.

429 1160 583 1223 Nam
606 1158 744 1219 mihi
761 1176 873 1218 non
894 1155 1103 1219 Saliare
1124 1154 1376 1229 epulum,
1419 1173 1535 1214 non
1557 1173 1723 1215 coena
1743 1154 1998 1231 dapali8‚

426 1260 676 1339 Qualem
700 1254 997 1333 Penelopae
1019 1256 1372 1339 nebulonum
1392 1253 1582 1316 mensa
1601 1274 1904 1331 procorum
1921 1300 1944 1330 ,

426 1342 766 1435 Alcinoique
784 1357 1192 1419 habuitnitidae
1217 1359 1362 1418 cutis
1395 1359 1561 1417 unsta
1585 1358 1870 1430 juventus,

424 1442 787 1527 Enumetabo
809 1474 999 1521 tamen
1026 1504 1044 1531 ,
1087 1459 1300 1521 famam
1328 1457 1605 1533 testesque
1633 1456 1857 1520 secutus
1881 1503 1902 1533 ‚

422 1564 537 1627 Pro
556 1562 751 1625 studiis
768 1556 1067 1623 hominum
1084 1558 1307 1637 semper
1338 1557 1552 1621 diversa
1577 1559 1939 1636 probantum.

424 1665 541 1757 Sed
570 1663 710 1727 mihi
735 1682 843 1739 prae
865 1661 1083 1723 cunetis
1104 1659 1412 1731 mitiffima,
1456 1680 1579 1737 quae
1602 1660 1977 1725 Medulorum

424 1767 651 1831 Educet
674 1767 941 1829 Oceanus
956 1808 975 1838 ‚
1016 1783 1139 1841 quae
1161 1760 1576 1839 Burdigalenfia
1599 1782 1812 1824 nomen

426 1848 620 1945 Usque
636 1868 707 1931 ad
731 1864 1007 1938 Caesareas
1026 1862 1157 1928 tulit
1171 1864 1471 1925 admiratio
1497 1862 1714 1926 mensas
1737 1908 1758 1938 ‚

422 1971 565 2034 Non
585 1969 808 2032 laudata
834 1969 1019 2030 minus
1047 1966 1217 2028 nostri
1245 1985 1411 2042 quam
1437 1966 1618 2044 gloria
1638 1965 1773 2028 vini.

420 2072 564 2136 Haec
578 2073 725 2134 inter
746 2074 976 2132 cunctas
994 2068 1241 2146 palmam
1269 2086 1524 2128 meruere
1551 2068 1799 2142 priorem
1816 2111 1836 2142 ‚

415 2174 709 2236 ‘Omnibus
728 2171 991 2247 exlongo
1016 2169 1391 2233 cedentibus:
1436 2168 1532 2229 ista
1549 2171 1604 2230 &
1633 2169 1815 2246 opimi

418 2273 666 2338 'visceris
688 2315 707 2344 ‚
749 2277 801 2332 ἃ
822 2271 1009 2339 nivei,
1055 2270 1322 2346 dulcique
1351 2271 1656 2334 tenerrima
1679 2268 1848 2333 succo
1868 2313 1890 2345 ‚

420 2373 677 2440 Miscent
704 2391 1026 2448 aequoreum
1057 2375 1214 2449 tenui
1239 2371 1350 2436 sale
1378 2373 1550 2435 tincta
1570 2369 1842 2460 saporem.

418 2475 683 2540 Proxima
708 2474 811 2533 sint
832 2474 1040 2550 quaevis
1058 2518 1078 2547 ,
1119 2472 1216 2534 sed
1246 2471 1415 2548 longe
1431 2472 1689 2549 proxima
1717 2473 1898 2534 multo

418 2577 507 2663 Ex
540 2574 868 2638 intervallo:
911 2594 1033 2651 quae
1065 2572 1460 2637 Maffilienfia:
1506 2587 1734 2650 portum

422 2681 567 2758 Quae
584 2679 777 2742 Narbo
798 2677 869 2738 ad
898 2677 1133 2758 Veneris
1161 2675 1380 2748 nutrit}
1418 2673 1962 2766 cultuque-carentis

406 2779 869 2858 'Hellespontiaci
900 2799 1021 2855 quae
1042 2777 1292 2856 protegit
1314 2795 1502 2851 aequor
1521 2775 1747 2853 Abydi:

418 2881 529 2946 vel
546 2903 666 2959 quae
691 2881 916 2956 Bajanis
930 2880 1192 2958 pendent
1213 2877 1490 2938 fluitantia
1513 2874 1642 2953 pilis
1667 2895 1686 2939 ε

416 2984 729 3057 Santonico
754 3003 874 3058 quae
897 2983 1045 3042 tecta
1068 2977 1184 3040 salo
1207 3022 1228 3052 ‚
1269 2998 1390 3054 quae
1414 2993 1545 3038 nota
1575 2977 1871 3040 Genonis:

416 3088 532 3164 Aut
557 3083 803 3144 Eborum
832 3081 1020 3142 mistus
1040 3078 1245 3158 pelago
1267 3099 1389 3154 quae
1403 3079 1651 3154 protegit
1670 3077 1851 3138 amnis
1870 3121 1892 3155 ,

414 3183 495 3249 Ut
512 3181 693 3244 multo
719 3183 947 3256 jaceant
962 3179 1212 3259 algarum
1244 3179 1492 3241 obduc‘ta
1513 3175 1766 3240 recess‘u:
