2278 3794
389 327 501 390 θοι
897 311 1546 381 AUSONII.

556 464 752 534 XXV.
810 473 1174 536 ‘Ausomus
1215 469 1520 534 Pauuuo
1542 467 1660 562 suo
1699 473 1760 537 S.

384 615 602 695 Quarta
618 615 723 678 tibi
754 615 878 681 baec
894 630 1067 692 notos
1082 617 1304 679 detexit
1319 615 1554 692 epistola
1573 618 1796 696 questus
1813 663 1834 695 ‚

382 715 651 781 Pauline:
674 721 729 782 ἃ
756 717 970 781 blando
989 716 1230 780 residem
1258 716 1519 778 sermone
1544 716 1780 801 lacessit.

382 819 662 906 Officiuur
672 818 765 881 sed
784 818 936 883 nulla
954 820 1113 898 pium
1130 819 1272 880 mibi
1296 821 1501 898 pagina
1521 821 1736 888 reddit·

379 919 579 984 Fausta
596 919 907 1000 salutigeris
924 919 1251 984 adscribens
1272 921 1395 983 orsa
1427 919 1655 988 libellis.

380 1021 551 1084 Unde
565 1021 722 1084 istam
747 1021 953 1084 meruit
970 1041 1089 1083 non
1110 1021 1252 1084 felix
1281 1022 1475 1086 charta
1501 1021 1778 1100 repulsam
1795 1066 1818 1100 ,

378 1123 611 1200 Spernit
633 1137 750 1185 tam
770 1121 945 1202 longo
966 1122 1198 1186 cessatio
1217 1142 1385 1199 quarn
1402 1137 1498 1185 tua
1517 1123 1657 1186 fastu
1672 1125 1704 1187 Ἰ

375 1221 568 1287 Hostis
583 1223 655 1285 ab
677 1223 835 1285 hoste
864 1236 1054 1286 tamen
1072 1243 1173 1302 per
1193 1224 1429 1287 barbara
1450 1223 1622 1288 verba
1639 1225 1877 1289 salutem

374 1323 630 1402 Accipit:
658 1326 713 1386 ἃ
738 1322 888 1385 salve
908 1325 1113 1386 mediis
1136 1325 1446 1388 intervenit
1467 1328 1654 1389 armis.

373 1423 751 1504 Respondent
770 1427 825 1486 ἀ
839 1423 972 1486 saxa
1001 1423 1244 1488 homini.
1284 1425 1572 1490 Percussus
1589 1427 1660 1489 ab
1678 1427 1852 1489 antris
1879 1437 1888 1444 ”

372 1527 572 1590 Sermo
594 1526 764 1590 redit.
810 1527 985 1589 Redit
1005 1529 1059 1588 ἃ
1086 1545 1386 1590 nemorum
1413 1527 1626 1590 vocalis
1663 1529 1890 1608 imago:

372 1628 614 1692 littorei
632 1626 884 1691 clamant
905 1627 1144 1706 scopuli,
1171 1627 1310 1689 dant
1327 1632 1613 1691 murmura
1627 1629 1730 1702 rivi
1748 1672 1770 1704 ,

368 1729 624 1807 Hyblaeis
651 1730 853 1808 apibus
867 1729 1029 1808 sepes
1049 1728 1279 1806 depasta
1295 1727 1554 1792 susurrat.

366 1829 464 1896 Est
480 1833 535 1894 δε
548 1819 875 1894 arundineis
890 1829 1208 1895 modulatio
1231 1831 1438 1894 musica
1453 1831 1622 1911 ripis,

300 1930 631 2011 Cumque
689 1934 801 1996 suis
859 1934 1109 2011 loquitur
1158 1933 1466 1997 tremulum
1527 1952 1698 2031 corna
1755 1932 1928 2017 pinea

757 2036 965 2097 ventis.

362 2130 635 2199 Incubuit
656 2134 813 2198 foliis
836 2134 1103 2213 quotiens
1118 2134 1262 2199 levis
1283 2134 1463 2199 Eurus
1481 2134 1696 2211 acutis,

360 2234 655 2314 Dindyma
677 2238 980 2315 Gargarico
994 2236 1350 2316 respondent
1373 2237 1599 2300 cantica
1624 2236 1774 2301 luco.

360 2336 463 2401 Nil
494 2349 714 2399 mutum
743 2351 940 2400 natura
964 2338 1147 2403 dedit.
1187 2340 1323 2405 Non
1348 2338 1491 2403 aeris
1521 2337 1682 2413 ales,

360 2437 855 2517 Quadrupedesve
872 2437 1055 2513 silent,
1076 2439 1253 2502 habet
1273 2443 1328 2502 δι
1349 2438 1444 2503 sua
1469 2437 1627 2502 fibila
1646 2438 1913 2518 serpens,

356 2538 435 2603 Et
450 2558 625 2617 pecus
650 2559 973 2619 aequoreum
990 2542 1151 2607 tenui
1169 2541 1295 2605 vice
1320 2541 1476 2605 vocis
1491 2540 1737 2604 anhelat.

360 2639 639 2717 cymbala
660 2642 800 2703 dant
813 2640 973 2705 flictu
990 2641 1262 2717 sonitum,
1287 2642 1426 2705 dant
1449 2634 1668 2721 pulpita
1691 2641 1832 2719 saltu

355 2738 477 2805 leta
493 2744 724 2823 pedum.
766 2744 969 2807 Tentis
989 2742 1232 2807 reboant
1265 2762 1404 2806 cava
1419 2753 1692 2823 tympana
1712 2744 1908 2824 tergis.

352 2840 559 2908 Iliacos
575 2842 1125 2923 agitant·Mareotica
1146 2843 1292 2905 fistra
1305 2842 1606 2913 tumultus.
1799 2830 1806 2837 ’

352 2943 487 3009 Nec
501 2944 783 3008 Dodonaei
803 2944 977 3011 cessat
992 2943 1428 3009 tinnituuheni
1439 2986 1458 3016 ,

353 3043 423 3106 In
442 3062 739 3107 numerum
766 3048 1031 3117 quotiens
1046 3046 1217 3109 radiis
1233 3045 1567 3130 ferientibus
1597 3044 1722 3108 istae

354 3138 728 3229 Respondent
755 3144 970 3207 dociles
991 3145 1286 3207 modulato
1302 3146 1536 3207 verbere
1551 3144 1776 3223 pelves·
