2278 3794
771 304 1350 371 EDYLLIQ
1729 323 1848 385 a,

272 462 369 527 Est
383 459 481 523 lux
504 506 521 532 ,
568 457 721 521 estne
738 457 863 519 dies
879 476 1015 537 ergo
1036 460 1065 520 ⁴?
1105 458 1244 521 Non
1265 459 1542 521 convenit
1569 458 1727 523 istuc.

270 566 425 628 Nam
446 560 671 625 facibus
689 557 882 621 multis
898 604 915 631 ‚
962 559 1403 637 autfulguribus
1419 562 1688 637 quotiens
1709 558 1836 625 lux·

243 666 366 729 ,Est
385 665 664 725 nocturna
691 660 913 721 homini
931 706 950 735 ‚
995 681 1114 722 non
1130 661 1212 723 est
1241 660 1342 723 lux
1363 662 1460 725 ista
1482 662 1618 725 diei.

269 768 367 830 Est
406 768 461 828 δι
503 750 643 827 Non
685 762 856 841 igitur
876 808 895 836 ,
956 764 1224 841 quotiens
1280 760 1471 826 lucem
1513 760 1626 825 effe
1665 760 1850 826 faten-

547 866 684 925 dum
718 862 829 933 est,

278 965 396 1043 Sed
422 984 539 1027 non
556 964 671 1027 effe
696 966 869 1026 diem.
915 962 1083 1027 mine
1098 964 1237 1027 hinc
1262 964 1575 1029 certamina
1591 964 1848 1043 surgunt.

276 1069 435 1131 Hinc
452 1067 663 1144 pauci,
709 1065 872 1127 multi
892 1086 1121 1143 quoque
1145 1064 1280 1127 talia
1303 1066 1820 1129 commeditantes

277 1168 581 1232 Murmure
606 1166 880 1231 concluso
898 1164 1115 1230 rabiosa
1143 1167 1362 1229 silentia
1383 1168 1617 1229 rodunt.
1725 1190 1732 1199 ·

282 1269 487 1347 Qualis
516 1270 632 1331 vita
672 1269 1023 1344 hominum,-
1082 1269 1202 1332 duo
1244 1287 1416 1347 quam
1458 1266 1856 1349 monosyssabu

542 1369 811 1433 versant!

358 1508 623 1579 XVIII.
662 1520 752 1579 De
790 1516 1050 1576 natibus
1090 1516 1434 1577 animalium
1462 1560 1481 1591 ,
1526 1510 1848 1599 Hqsx'odiorq.

281 1660 399 1733 Ter
449 1660 621 1722 binos
660 1641 967 1736 deciessque
990 1680 1202 1723 novem
1229 1660 1393 1739 super
1413 1660 1534 1721 exit
1553 1661 1610 1720 in
1629 1677 1814 1723 annos

282 1761 437 1837 Justa
456 1759 853 1844 senescentum
880 1781 1025 1837 quos
1052 1760 1258 1838 implet
1285 1762 1402 1824 vita
1414 1762 1687 1823 virorum.

262 1864 411 1927 Hos
428 1864 627 1928 novies
643 1862 869 1942 superat
883 1861 1135 1925 vivendo
1155 1859 1374 1940 garrula
1395 1862 1647 1928 Cornix:

282 1966 360 2028 Et
378 1980 577 2044 quater
600 1965 890 2044 egreditur
908 1964 1156 2029 cornicis
1173 1963 1364 2028 secula
1385 1964 1618 2028 Cervus.

282 2067 587 2143 Alipedem
605 2086 839 2130 cervum
861 2079 947 2130 ter
976 2067 1156 2130 vincit
1191 2066 1410 2129 Corvus
1431 2086 1448 2130 z
1499 2069 1551 2130 δι
1575 2058 1738 2128 ἱΙΙυιιι

287 2166 645 2246 multiplicat
670 2169 871 2232 novies
894 2167 1143 2232 Phoenix
1167 2213 1188 2244 ‚
1231 2167 1559 2246 reparabilis
1579 2167 1724 2230 ales,
1790 2219 1796 2224 .

289 2267 481 2346 Qnm
500 2287 602 2331 vos
622 2287 903 2349 perpetuo
930 2271 1125 2334 decies
1149 2271 1484 2348 praevertitis
1503 2289 1628 2332 aevo

286 2371 347 2436 N
352 2370 1267 2453 ymphaeHamadryadeszquarum
1280 2370 1601 2451 longiffima
1615 2371 1732 2435 vita
1749 2367 1848 2434 est.

365 2549 441 2614 Hi
464 2547 741 2614 cohibent
767 2551 909 2612 fines
938 2550 1161 2612 vivacia
1176 2550 1292 2614 fata
1308 2551 1682 2614 animantum.

276 2651 511 2716 ,Caetera
534 2649 737 2712 secreti
771 2651 935 2712 novit
953 2651 1123 2712 ‚Deus
1147 2650 1356 2713 arbiter
1377 2651 1484 2712 aevi
1580 2715 1586 2720 ,

192 2801 197 2805 .
291 2750 582 2827 Tempora
605 2770 620 2813 ε
639 2771 761 2828 quae
776 2740 999 2813 Stilbon
1015 2749 1358 2828 volvat‚quae
1375 2748 1559 2813 secula
1579 2748 1852 2824 Phaenon‚

297 2851 461 2925 Quos
484 2850 679 2926 Pyrois
696 2851 904 2913 habeat
923 2895 943 2926 ,
984 2871 1128 2929 quos
1153 2853 1419 2934 Juppiter
1446 2852 1576 2930 igne
1594 2849 1851 2930 benigno

298 2950 583 3012 Circuitus
611 2971 627 3014 :
670 2951 823 3030 quali
852 2969 1122 3030 properet
1135 2954 1330 3016 Venus
1349 2953 1498 3014 alma
1517 2950 1740 3015 recursu
1759 2971 1780 3015 ε

297 3049 415 3128 Qui
438 3051 693 3126 Phoeben
709 3097 729 3128 ,
770 3055 967 3130 quanti
993 3069 1261 3118 maneant
1279 3055 1488 3119 Titana
1507 3052 1748 3126 labores-

294 3153 501 3218 Donec
519 3150 861 3233 consumpto
882 3199 901 3234 ,
942 3155 1194 3236 Magnus
1208 3157 1306 3236 qui
1323 3157 1532 3222 dicitur
1555 3200 1574 3232 ,
1616 3173 1769 3218 anno
1788 3196 1814 3230 ‚
