2278 3794
477 289 592 362 296
935 277 1529 346 'AUSONII

479 437 723 512 Ignavos
742 435 922 514 agitet
935 432 1064 498 talis
1085 434 1276 496 timor.
1322 433 1395 498 At
1412 431 1521 494 tibi
1546 429 1729 496 nullus

480 538 567 600 Sit
592 549 778 598 metus
801 556 817 600 z
863 539 918 600 dc
935 555 1157 599 morem
1176 534 1349 598 miffae
1367 579 1387 608 ,
1418 547 1781 612 acceptaeque
1797 531 2027 596 salutis

481 639 765 700 Audacter
789 638 990 701 retine.
1069 637 1175 700 vel
1200 637 1241 698 fi
1268 636 1373 698 tibi
1398 637 1657 717 proditor
1678 635 1843 698 instat
1864 678 1888 711 ,

479 749 596 804 Aut
611 738 914 817 quaelitoris
927 739 1153 818 gravior
1176 737 1413 802 censura
1430 737 1662 799 timetur
1684 781 1705 810 ‚

483 841 737 904 Occurre
758 840 993 916 ingenio
1011 885 1031 913 ‚
1064 861 1179 918 quo
1204 838 1350 917 saepe
1378 837 1605 902 occulta
1636 848 1927 916 teguntur.

481 941 734 1006 Threicii
757 943 1046 1019 quondam
1069 961 1241 1019 quam
1269 939 1410 1003 saeva
1431 939 1864 1017 licentia'regis-.

481 1041 716 1107 Fecerat
739 1041 1029 1122 elinguem
1049 1086 1070 1117 ‚
1111 1063 1216 1121 per
1235 1041 1367 1106 licia
1388 1037 1545 1104 texta
1568 1039 1826 1118 querelas

481 1144 681 1208 Edidit
699 1188 718 1218 ‚
760 1147 815 1207 ἃ
843 1145 1033 1207 tacitis
1057 1145 1353 1206 mandavit
1377 1144 1613 1207 crimina
1637 1142 1784 1204 telis.

479 1245 554 1308 Et
577 1245 910 1322 pudibunda
929 1244 1060 1307 suos
1085 1246 1241 1308 malo
1264 1243 1547 1308 commisit
1568 1263 1792 1322 amores
1844 1240 1851 1250 ‘

479 1346 580 1409 Vir
615 1364 655 1422 o
679 1388 698 1418 ‚
729 1364 840 1408 nec
870 1345 1100 1410 erubuit
1123 1347 1371 1410 tacituro
1396 1344 1623 1408 conscia
1644 1363 1839 1422 pomo.

479 1447 532 1510 D
640 1444 766 1510 essis
787 1446 1078 1514 scrobibus
1105 1449 1309 1510 vitium
1328 1447 1515 1526 regale
1532 1446 1783 1508 minister

481 1547 772 1623 Credidit,
799 1549 970 1627 idque
993 1549 1092 1612 diu
1115 1550 1262 1610 texit
1287 1547 1549 1611 fidiffima
1568 1545 1771 1610 tellus:

479 1648 754 1726 inspirata
776 1648 992 1714 dehinc
1012 1663 1191 1712 vento
1206 1651 1459 1714 cantavit
1473 1649 1712 1712 arundo.

479 1750 655 1814 Lacte
677 1751 870 1814 incide
889 1763 1052 1814 notas
1077 1771 1094 1814 ε
1115 1748 1375 1814 arescens
1396 1750 1593 1814 charta
1609 1749 1833 1813 tenebit

479 1853 718 1931 Semper
740 1852 1076 1931 inaspicuaeg
1105 1854 1421 1931 prodentur
1446 1850 1651 1930 scripta
1672 1851 1895 1915 favillis.
2018 1855 2027 1860 '

477 1954 585 2016 Vel
612 1953 1106 2017 Lacedaemoniam
1123 1952 1374 2031 scytalen
1395 1954 1639 2029 imitare,
1664 1954 1845 2017 libelli

477 2055 746 2133 Segmina
761 2055 1053 2134 Pergamei
1071 2056 1238 2117 tereti
1258 2056 1605 2117 circumdata
1634 2055 1791 2131 ligno

476 2156 759 2233 Perpetuo
787 2154 1100 2219 inscribens
1115 2154 1287 2217 versu
1311 2176 1331 2230 ;
1358 2155 1455 2232 qui
1482 2156 1697 2219 deinde
1715 2154 1927 2220 solutus

475 2256 614 2319 Non
636 2253 1046 2335 respondentes
1062 2256 1251 2333 sparso
1276 2256 1437 2319 dabit
1457 2257 1659 2319 ordine
1673 2258 1883 2321 formas
1901 2297 1922 2326 ‚

476 2356 684 2419 Donec
707 2356 1011 2419 consimilis
1039 2358 1179 2437 ligni
1201 2357 1504 2434 replicetur
1530 2359 1587 2419 in
1605 2358 1822 2423 orbem.

475 2458 806 2521 Innumeras
825 2456 1046 2534 possum
1071 2458 1295 2521 celandi
1314 2458 1613 2522 ostendere
1640 2460 1853 2523 formas
1869 2504 1889 2537 ,

476 2558 554 2623 Bt
570 2555 944 2622 clandestinas
968 2573 1227 2642 veterum
1254 2558 1498 2627 reserare
1511 2560 1774 2637 ‚loquelas
1795 2608 1815 2636 ,

475 2662 534 2724 Si
557 2661 724 2739 prodi
751 2659 980 2731 Pauline
1003 2662 1173 2724 times
1196 2706 1215 2736 ,
1258 2661 1570 2741 nostraeque
1588 2664 1799 2725 vereris

475 2762 706 2823 Crimen
729 2760 1012 2825 amicitiae.
1087 2761 1366 2839 Tanaquil
1390 2776 1485 2825 tua
1506 2761 1717 2829 nesciat
1738 2764 1901 2829 istud.

472 2864 564 2931 Tu
593 2876 902 2927 contemne
917 2864 1080 2939 allos3
1103 2882 1213 2926 nec
1237 2864 1551 2941 dedignare
1567 2880 1863 2942 parentem

471 2964 670 3028 Adfari
693 2965 899 3029 verbis.
944 2966 1062 3043 Ego
1082 2964 1213 3027 sum
1240 2978 1367 3027 tuus
1392 2964 1537 3027 altor
1556 3006 1577 3038 ,
1622 2964 1796 3029 &ille
1820 3010 1825 3015 -

468 3064 790 3142 Praeceptor
805 3067 1042 3141 primus,
1065 3067 1281 3144 primus
1296 3066 1525 3145 largitor
1542 3066 1827 3134 honorum
1844 3113 1872 3146 2
1994 3108 2003 3119 c

467 3162 683 3227 Primus
713 3164 772 3225 in
799 3166 1084 3229 Aonidum
1104 3168 1203 3245 qui
1224 3180 1281 3228 te
1300 3166 1542 3245 collegia
1558 3168 1717 3233 duxi.
1758 3234 1762 3238 .
