2278 3794
433 322 543 394 164
937 314 984 381 Δ
1031 306 1487 425 [18οῌ-11

511 490 585 556 11.
667 493 969 571 Epicedion
1026 498 1093 554 in
1139 508 1365 571 patrem
1405 492 1590 575 suum
1650 492 1917 570 Inuum
1966 486 1972 491 ’

1009 598 1398 659 Ausculum.

430 770 665 835 Nomen
689 791 798 853 ego
815 771 1116 847 Ausoniu8‚
1137 792 1257 834 non
1293 772 1527 835 ultimus
1542 755 1663 836 arte
1679 772 1951 835 medendi
1968 792 1987 837 ε

502 874 574 936 Et
613 862 740 937 nica
775 873 815 935 fi
857 873 1056 937 nosces
1095 887 1357 952 tempora
1384 920 1403 948 ,
1444 875 1667 952 primus
1706 892 1880 937 eram.

428 973 661 1037 vicinas
711 975 880 1037 urbes
920 974 1074 1038 colui
1115 977 1408 1054 patriaque
1446 978 1775 1052 domoque,

504 1074 737 1138 Vasates
774 1077 988 1155 patria,
1033 1076 1131 1139 sed
1172 1076 1288 1139 lare
1326 1076 1705 1155 Burdigalam.

433 1176 602 1239 Curia
643 1196 738 1240 me
775 1176 1023 1256 duplex,
1088 1182 1143 1241 &
1186 1193 1424 1256 uterque
1462 1180 1703 1259 Senatuls
1740 1170 1992 1240 habebit

427 1280 436 1287 '
504 1278 770 1340 Muneris
810 1277 1136 1355 exsortem,
1188 1282 1427 1342 nomine
1465 1279 1821 1357 participem.

427 1378 567 1442 Non
589 1379 851 1455 opulenS,
868 1400 977 1444 nec
993 1400 1167 1459 egens
1182 1426 1200 1456 ,
1228 1392 1433 1460 parcue
1456 1380 1571 1442 fine
1592 1378 1850 1441 sordibus
1869 1379 1984 1456 egi,
2069 1397 2081 1409 ·

505 1480 752 1554 Victum,
773 1480 1055 1557 habitum,
1074 1502 1261 1544 mores
1284 1481 1503 1560 semper
1520 1482 1723 1544 eadem
1746 1480 1938 1543 habui.
1980 1490 1987 1500 '
2042 1490 2065 1559 j

424 1580 703 1643 Sermone
723 1580 1101 1661 impromptus
1130 1584 1333 1646 Latio:
1363 1602 1561 1647 verum
1582 1583 1768 1647 Attica
1790 1581 1987 1661 lingua

503 1682 744 1746 Suffecit
782 1684 919 1748 culti
963 1684 1203 1747 vocibus
1240 1684 1483 1762 eloquii:
1956 1703 1961 1707 ·

427 1784 629 1847 Obtuli
646 1804 818 1864 opem
836 1786 1056 1848 cunctis
1074 1784 1440 1863 poscentibus
1461 1784 1595 1847 artis
1614 1785 1918 1863 inemptae:

499 1886 888 1966 officiumque
929 1907 1124 1950 meum
1165 1908 1298 1950 cum
1338 1887 1555 1966 pietate
1593 1884 1723 1950 fuit.
1976 1880 1983 1887 ’

417 1987 711 2062 ‘Iudicium
735 1991 958 2052 *deme
997 1989 1185 2052 studui
1224 1987 1479 2067 praestare
1517 1987 1835 2050 bonorum:

490 2088 620 2166 Ipse
657 2089 800 2152 mihi
839 2110 1163 2168 nunquam,
1203 2085 1403 2167 judice
1436 2109 1567 2163 me,
1613 2087 1823 2166 placui.
1874 2105 1881 2114 ·

426 2189 631 2254 Officia
671 2193 732 2253 in
772 2190 986 2254 multos
1027 2190 1250 2253 diverso
1292 2191 1485 2252 debita
1522 2183 1713 2265 coitu,
1824 2189 1831 2194 “

497 2290 792 2365 Personis,
835 2293 1054 2354 meritis
1077 2338 1096 2366 ,
1136 2291 1711 2370 tempore·distribui.

416 2391 642 2456 Litibus
680 2392 961 2457 abstinui:
1004 2413 1120 2455 non
1162 2394 1337 2466 auxi,
1376 2411 1495 2454 non
1536 2391 1718 2454 minui
1757 2411 1895 2455 rem.
1968 2407 1977 2416 ·

493 2493 693 2556 Indice
730 2513 824 2556 me
864 2493 1052 2556 nullus
1077 2539 1096 2566 ‚
1142 2493 1239 2554 sed
1277 2485 1464 2571 neque
1500 2491 1641 2557 teste
1678 2495 1848 2572 perit.

343 2667 350 2674 .
416 2591 606 2658 Invidi
630 2615 938 2673 nunquam.
985 2597 1211 2671 Cupere
1231 2611 1403 2677 etque
1423 2596 1640 2658 ambire
1662 2594 1867 2675 refugi.

409 2707 450 2778 '.
494 2698 731 2772 Jurare‚
774 2713 871 2760 aut
909 2696 1114 2760 falsum
1159 2699 1390 2766 dicere,
1428 2716 1530 2774 par
1564 2695 1759 2759 habui.

361 2845 370 2856 .
411 2797 608 2863 Fectio
648 2818 742 2861 me
779 2798 881 2860 fibi
920 2819 1039 2860 non
1064 2842 1084 2873 ‚
1123 2818 1246 2860 non
1284 2797 1605 2875 conjuratio
1642 2794 1854 2873 junxit.

493 2901 728 2962 Sincero
770 2899 925 2962 colui
966 2899 1195 2962 foedere·
1230 2900 1525 2963 amicitias.
1914 2958 1917 2962 .

411 2997 663 3064 Felicem
689 3000 874 3076 scivi,
914 3021 1031 3062 non
1057 3001 1192 3078 qui,
1235 3001 1392 3078 quod
1430 2998 1605 3062 vellet
1630 3043 1650 3072 ,
1692 2997 1973 3061 haberet:

486 3099 603 3163 Sed
639 3102 738 3178 qui
777 3121 878 3181 per
915 3099 1104 3165 fatum'
1137 3120 1258 3164 non
1311 3101 1446 3165 data
1482 3120 1601 3164 non
1635 3109 1888 3178 cuperet.
