2278 3794
420 308 532 369 126
589 324 596 331 ·
931 304 974 390 A
1019 292 1072 367 U
1105 300 1143 367 S
1186 299 1243 364 Ο
1281 299 1337 363 N
1376 301 1405 365 1
1444 300 1477 365 1

843 453 978 521 XV.
1069 457 1529 518 AsTYauac‘rr.

417 594 549 661 Flos
577 595 731 671 Afiae,
759 607 1026 676 tantaque
1049 618 1195 661 unus
1216 597 1289 659 de
1310 611 1480 675 gente
1503 594 1773 674 superstes
1794 641 1814 670 ‚

329 726 342 749 ι
416 697 703 772 Ρεπνυίυε,
733 700 952 776 Argivis
976 697 1074 761 sed
1093 702 1211 773 jam
1233 700 1307 760 de
1323 713 1485 775 patre
1500 697 1821 771 timendus,-

411 798 530 863 Hic
546 802 707 873 jaceo
735 799 1044 876 Astyanax,
1073 801 1241 863 Scaeis
1262 802 1515 873 dejectus
1538 798 1608 859 ab
1635 796 1758 859 altis
1778 840 1797 872 ,

417 900 526 963 Pro
547 900 741 961 dolor!
807 899 961 963 lliaci
979 899 1268 977 Neptunia
1292 900 1506 961 moenia
1528 900 1673 960 muri

419 1000 700 1063 Viderunt
722 1000 933 1077 aliquid
961 1001 1245 1062 crudelius
1266 1001 1513 1063 Hectore
1539 1002 1739 1061 traeto.

849 1142 1014 1205 XXI.
1097 1119 1515 1207 SARPss'nour.

418 1284 711 1361 Sarpedon
733 1285 958 1363 Lycius,
980 1288 1205 1365 genitus
1226 1288 1371 1362 Jove
1390 1330 1408 1360 ‚
1442 1286 1676 1348 numine
1698 1286 1870 1364 patris

495 1386 800 1462 Sperabam
823 1390 1035 1449 coelum
1058 1409 1077 1463 ;
1119 1389 1217 1451 se'd
1240 1385 1400 1467 t'egor
1420 1387 1533 1451 hoc
1556 1387 1777 1449 tumulo
1799 1430 1821 1460 ‚

349 1557 355 1561 ,
420 1486 754 1565 sanguineis
775 1489 940 1549 fletus
961 1488 1285 1567 lachrymis.
1330 1490 1433 1565 pro
1458 1488 1637 1550 ferrea
1654 1488 1768 1549 fata
1798 1490 1813 1549 ἔ

498 1588 570 1651 Et
605 1589 815 1665 patitur
841 1588 1055 1651 lue'tum
1081 1635 1098 1664 ,
1146 1592 1240 1667 qui
1263 1589 1563 1667 prohibere
1596 1587 1823 1664 potest?

625 1733 812 1799 xvn.
903 1734 1124 1797 Nasu-1
1181 1737 1239 1799 ἃ
1277 1737 1775 1798 ΛΜΡΗῙΜΔοιῑο.

423 1876 1177 1958 Nastes‚Amphimachusq;‚
1204 1880 1507 1942 Nomionis
1530 1877 1739 1960 inclyta
1758 1874 1971 1956 proles,

497 1981 776 2044 Dodlores
800 1982 1109 2060 quondam,
1136 1981 1324 2060 pulvis
1342 1975 1617 2052 &xumbra
1636 1979 1842 2042 sumus.

888 2123 1105 2188 XVIII.
1205 2125 1383 2187 Tssor
1400 2143 1502 2186 ιο.

425 2263 676 2329 Hectore
694 2265 989 2344 prostratO,
1009 2286 1117 2328 nec
1143 2267 1266 2342 Dis,
1300 2286 1406 2327 nec
1430 2265 1641 2326 viribus
1654 2263 1834 2343 'aequis

504 2360 839 2442 Co'ngress'us
868 2365 1015 2428 saevo
1051 2367 1279 2428 Troilus
1316 2367 1561 2430 AEacidae
1586 2409 1603 2437 ,

425 2464 702 2542 Raptatus
727 2466 873 2544 bigis
916 2467 1102 2529 fratris
1137 2469 1457 2544 conjungor
1480 2466 1702 2527 honori.

505 2566 680 2640 Cujus
714 2566 791 2630 ob
822 2567 1150 2644 exemplum
1180 2587 1288 2630 nec
1324 2567 1463 2630 mihi
1493 2587 1667 2645 poena
1692 2567 1893 2646 gravis.

871 2710 1043 2776 XIX.
1124 2712 1208 2772 Po
1222 2732 1309 2772 mr
1326 2735 1357 2769 o
1373 2731 1410 2772 o
1426 2733 1529 2779 ιο.

431 2854 589 2918 Cede
604 2853 1188 2936 procuhmyrtumque
1205 2857 1361 2930 istam
1376 2856 1509 2934 fuge
1525 2854 1745 2918 nescius
1765 2851 1973 2934 hospes

508 2957 778 3018 Telorum
809 2955 962 3036 seges
989 2957 1067 3018 est
1093 2957 1360 3035 sanguine
1381 2955 1573 3018 adulta
1592 2975 1740 3017 meo.

431 3055 706 3118 Confixus
739 3059 936 3132 jaculis
957 3048 990 3132 ,¹
1019 3061 1076 3120 δε
1096 3059 1167 3120 ab
1188 3056 1302 3134 ipsa
1326 3059 1482 3120 caede
1523 3056 1770 3134 sepultus
1794 3099 1813 3128 ‚

512 3156 746 3220 Condor
769 3158 828 3219 in
853 3157 967 3223 hoo
999 3157 1219 3240 tumulo
1244 3159 1329 3244 bis
1354 3157 1665 3238 Polydorus
1698 3175 1820 3232 ego·
