2278 3794
372 228 569 372 ..a
999 247 1545 362 ansoull

491 444 684 512 Pastor
713 463 845 511 care
877 465 1059 527 nepos
1080 490 1100 524 ,
1168 448 1297 527 spes
1335 450 1497 525 cujus
1539 455 1696 510 certa
1732 441 1848 510 fuit
1884 463 1975 510 res
1996 489 2019 520 ,

571 547 839 628 Hesperii
876 552 1054 628 patris
1091 553 1260 614 tertia
1300 551 1627 629 progenies·

395 649 402 657 “
490 649 756 716 Nomine
784 655 942 731 quod
967 652 1127 718 casus
1152 653 1411 716 dederat:
1452 652 1584 730 quia
1608 649 1788 714 fistula
1810 649 2063 728 primum

575 753 854 817 Pastorale
891 757 1073 818 melos
1113 755 1412 818 concinuit
1449 754 1668 832 genito.

497 855 642 922 Sero
684 857 1047 922 intellectum
1087 853 1219 920 vit‘ae
1260 856 1447 920 brevis
1486 865 1924 934 argumentum:

571 957 812 1036 Spiritus
852 960 1054 1022 afflatis
1103 959 1261 1036 quod
1300 959 1449 1036 fugit
1488 953 1521 1020 ὲ
1568 955 1822 1021 calamis,

501 1051 742 1124 Occidis
783 1061 992 1127 emiffae
1029 1061 1323 1140 percussus
1362 1059 1623 1138 pondere
1664 1058 1850 1120 testae:
1940 1095 1945 1103 ·

575 1161 805 1237 Abiecit
841 1166 998 1226 teitu
1041 1181 1215 1242 quam
1253 1181 1457 1225 manus
1504 1159 1755 1223 artificia.
1790 1214 1794 1218 .

493 1262 638 1331 Non
679 1264 791 1326 fuit
808 1265 1038 1330 artificis
1076 1284 1278 1328 manus
1300 1265 1455 1328 haec:
1498 1282 1699 1327 manus
1722 1260 1818 1325 illa
1842 1261 2066 1326 cruenti

577 1365 749 1428 Certa
787 1367 898 1430 fuit
938 1368 1084 1443 fati,
1127 1366 1481 1444 suppofitura
1517 1384 1701 1429 reum.

497 1465 634 1530 Heu
655 1488 780 1546 quae
803 1483 938 1532 vota
964 1469 1106 1530 mihi
1127 1472 1161 1532 !¹
1193 1469 1553 1548 quae,rumpis
1574 1467 1803 1546 gaudia,
1840 1465 2065 1530 Pastor!

577 1568 684 1646 Illa
725 1587 920 1632 meum
959 1570 1132 1649 petiit
1170 1568 1363 1650 tegula
1402 1569 1563 1632 miffa
1607 1581 1800 1646 caput.

497 1670 744 1758 Digqiot
773 1677 843 1736 o!
886 1672 1086 1736 nostrae
1123 1689 1386 1752 gemeres
1418 1674 1517 1752 qui
1560 1671 1679 1734 fata
1716 1670 1987 1734 senectae:

577 1775 652 1838 Et
685 1776 986 1853 quererere
1025 1795 1183 1840 meas
1225 1775 1459 1838 moestus
1496 1775 1571 1838 ad
1611 1773 1922 1852 exequias„

779 1922 921 1987 XII.
1002 1922 1207 1999 JULIA
1247 1920 1573 1989 DRvAmA
1596 1918 1785 2001 Jbror.

499 2067 565 2132 Si
583 2087 694 2146 qua
713 2068 827 2132 fuit
843 2068 1020 2133 virtus
1043 2114 1063 2145 ,
1105 2086 1344 2147 cuperet
1382 2089 1555 2147 quam
1580 2068 1799 2132 femina
1817 2066 2070 2146 prudens

577 2170 706 2234 Effe
746 2169 943 2242 suam,
987 2169 1145 2233 soror
1188 2170 1299 2236 hac
1336 2171 1587 2251 Dryadia
1626 2169 1851 2233 enituit.

493 2272 666 2349 Quin
685 2271 860 2333 etiam
889 2271 1098 2335 multas
1120 2272 1359 2347 habuit,
1403 2292 1541 2351 quas
1563 2271 1729 2335 sexus
1754 2272 1967 2337 habete
2036 2346 2043 2351 ,

583 2372 810 2434 Fortior
843 2386 1108 2451 optaret,
1149 2373 1535 2453 nobilitasque
1569 2356 1774 2438 vitum.

501 2474 690 2537 Docta
715 2473 849 2537 satis
869 2514 888 2545 ,
930 2477 1225 2554 vitamque
1250 2474 1419 2552 colo,
1458 2476 1787 2557 famamque
1811 2476 1993 2538 tueri:

577 2576 766 2641 Docta
805 2576 992 2639 bonos
1019 2595 1209 2640 mores
1248 2577 1369 2656 ipsa
1394 2622 1413 2652 ‚
1457 2564 1970 2659 suosque'docens.

499 2678 574 2743 Et
612 2698 810 2742 verum
849 2680 968 2743 vita
1008 2680 1101 2742 cui
1142 2679 1369 2743 carius:
1412 2700 1641 2759 unaque
1689 2699 1865 2753 cura,

575 2780 755 2844 Noffe
793 2781 984 2845 Deum
1009 2826 1028 2858 ,
1072 2785 1128 2845 ἃ
1155 2773 1390 2845 fratrem
1425 2781 1664 2860 diligere
1697 2794 1833 2843 ante
1862 2778 2022 2842 alios.

501 2884 762 2963 conjuge
802 2884 992 2947 adhuc
1029 2884 1256 2960 juvenis
1288 2886 1506 2948 caruit:
1549 2882 1649 2946 sed
1670 2880 1813 2945 seria
1855 2884 2035 2947 vitam

581 2984 847 3048 Moribus
887 2986 1128 3049 austeras
1170 2986 1535 3064 aequiparavit
1572 3004 1733 3048 anua.
1814 3028 1819 3031 -

501 3084 781 3149 Produxit
807 3087 1054 3149 celerem
1087 3107 1189 3166 per
1225 3087 1358 3148 sena
1382 3088 1665 3177 decennia
1684 3088 1905 3167 vitam:

580 3184 763 3267 Inque
799 3188 1020 3265 domo,
1059 3207 1130 3253 ac
1159 3190 1353 3265 tec‘to,
1409 3208 1523 3266 quo
1558 3203 1720 3267 patre
1742 3231 1762 3265 ,
1805 3182 2071 3265 oppetii&
