2278 3794
811 320 1379 387 nortem.
1756 336 1869 401 039

318 464 510 541 Usque
526 462 627 526 sub
646 474 958 526 extremam
975 464 1215 541 squallet
1231 462 1375 530 cutis
1399 464 1553 527 arida
1568 464 1833 535 caudam.

321 565 450 626 Nec
487 578 546 625 te
575 564 808 627 delicias
847 564 1163 627 mensarum
1207 566 1375 629 Perea
1414 564 1623 635 filebo,

321 666 672 743 Amnigenos
715 666 862 727 inter
897 664 1078 743 pisces
1117 666 1404 743 dignande
1445 667 1716 740 marinis,

321 765 486 828 Solus
544 767 800 842 puniceis
838 765 1021 831 facilis
1066 768 1418 830 contendere
1455 764 1689 829 Mullis:

313 866 466 937 Nam
507 887 694 944 neque
732 867 920 944 gustus
961 868 1155 944 iners3
1194 866 1491 945 solidoque
1528 870 1588 929 in
1628 886 1869 947 corpore

583 981 768 1044 partes
1606 1025 1613 1033 .

314 1068 635 1144 Segmentis
674 1074 926 1142 coeunt,
971 1070 1070 1132 sed
1113 1071 1479 1135 diffeciantur
1518 1071 1713 1135 aristis.

316 1168 433 1230 Hic
472 1169 642 1229 etiam
684 1170 848 1232 Latio
886 1170 1024 1237 risus
1065 1173 1413 1247 praenomine
1436 1218 1455 1246 ,
1497 1172 1683 1236 cultor

319 1270 688 1346 stagnorum,
739 1271 984 1347 querulis
1026 1274 1110 1335 vis
1150 1273 1493 1336 infestiffima
1534 1276 1683 1337 ranis

316 1368 562 1443 Lucius,
603 1370 866 1434 obscuras
905 1374 1034 1435 ulva
1073 1395 1359 1453 coenoque
1398 1374 1627 1437 lacunas

319 1470 576 1535 Obsidet.
658 1473 772 1534 Hic
811 1474 1000 1535 nullos
1044 1474 1360 1538 mensarum
1401 1475 1580 1539 lectus
1620 1476 1693 1538 ad
1714 1475 1866 1552 usus,

316 1569 521 1634 Fervet
559 1573 790 1635 fumofis
830 1575 987 1637 olido
1027 1576 1231 1665 nidore
1271 1556 1516 1653 popinis.

318 1673 462 1749 Qd'is
502 1693 619 1735 non
661 1678 716 1737 &
754 1676 962 1736 virides
1001 1676 1157 1753 volgi
1199 1676 1392 1737 solatia
1432 1678 1645 1739 Tincas

317 1774 521 1849 Norit‚
565 1779 616 1837 ἃ
647 1774 928 1837 Alburnos
950 1778 1195 1851 praedam
1216 1776 1526 1853 puerilibus
1565 1777 1786 1851 hamis,

317 1876 746 1950 Stridentesque
785 1874 932 1938 focis
973 1874 1209 1952 opsonia
1255 1874 1437 1953 plebis
1478 1875 1751 1938 Alausas‘?

314 1979 516 2054 Teque
550 1977 698 2037 inter
743 1975 958 2053 species
1003 1979 1299 2056 geminas,
1353 1995 1764 2054 neutrumque,
1807 1979 1865 2040 ἃ

517 2132 532 2138 -
581 2091 878 2154 utrumque
901 2122 919 2153 ‚

319 2178 436 2255 Qui
465 2177 708 2240 necdum
735 2178 947 2250 salmo,
991 2182 1233 2254 neniam
1254 2178 1427 2253 Salar,
1452 2179 1863 2258 ambiguusque

315 2263 626 2343 Amborum
659 2281 850 2341 medio
885 2280 1046 2342 Fario
1085 2269 1399 2359 intercepte
1452 2279 1553 2342 sub
1594 2283 1763 2342 aevo‘?

314 2382 406 2445 Tu
434 2399 658 2458 quoque
681 2381 976 2442 flumineas
992 2373 1138 2443 in‘ter
1162 2383 1531 2444 memorande
1556 2383 1823 2443 cobortes

315 2481 505 2545 Gobio
524 2521 542 2547 ‚
587 2501 705 2541 non
735 2485 914 2555 major
935 2525 954 2556 ,
999 2485 1239 2559 geminis
1262 2483 1376 2544 fine
1398 2483 1607 2558 pollice
1638 2482 1863 2557 palmis,

313 2583 692 2666 PraepinguiS,
735 2599 914 2652 teres,
969 2583 1197 2658 ovipara
1225 2583 1544 2659 congestior
1591 2581 1760 2642 alvo:
1858 2579 1865 2586 ⁴

314 2684 669 2760 Propexique
707 2683 870 2757 jubas
909 2682 1161 2742 imitatus
1202 2683 1393 2751 Gobio
1434 2679 1621 2743 Barbi.

315 2781 488 2844 Nunc
516 2801 687 2859 pecus
706 2801 1027 2856 aequoreum
1044 2781 1407 2843 celebrabere
1424 2759 1861 2858 magne‘silure:

321 2883 511 2960 Qrem
549 2883 704 2943 velut
743 2885 934 2946 Aetaeo
976 2865 1313 2959 perductum
1352 2895 1574 2959 tergora
1616 2879 1771 2940 olivo

316 2981 672 3046 Amnicolam
695 2981 978 3060 Delphina
1010 3001 1158 3047 reor.
1198 2983 1293 3046 Sic
1313 3001 1412 3060 per
1429 2983 1571 3042 freta
1595 2975 1863 3058 magnum

315 3070 548 3147 Laberis
573 3129 590 3157 ,
633 3086 703 3150 δι,
727 3082 882 3161 longi
923 3085 1016 3146 vix
1057 3084 1315 3161 corporis
1350 3082 1571 3160 agmina
1608 3081 1818 3157 solvis,

233 3257 238 3262 ⁸
313 3171 964 3249 Aut-brevibus‘defensa
987 3185 1183 3262 vadiS,
1224 3184 1585 3248 autfluminis
1616 3182 1797 3245 ulvis:
