2278 3794
413 288 527 357 236
921 287 1470 353 AbsoNll

413 435 742 515 Spernimus
759 437 818 501 in
833 456 1144 503 commune
1158 459 1359 502 omnes
1370 439 1973 520 praesentia3quosdam

307 566 310 571 ·
415 537 650 601 Constat
667 539 820 602 nolle
841 541 997 605 Deos
1020 542 1165 604 fieri.
1198 542 1437 617 Jutcrna
1454 541 1758 617 reclamat,

413 639 554 715 Quo
568 640 742 703 vitam
759 642 923 704 dedit
935 658 1203 707 aeternam
1219 647 1249 705 ⁸?
1266 664 1367 707 cur
1386 645 1585 706 mortis
1602 646 1869 722 adempta
1888 644 1971 707 est

413 739 690 803 Conditio
711 744 743 806 2
781 744 877 807 Sic
897 744 1179 808 Caucasea
1202 745 1303 809 sub
1322 765 1465 821 rupe
1484 745 1855 809 Prometheus

411 841 677 907 Testatur
701 844 1130 923 Saturnigenam
1155 892 1174 920 ,
1236 866 1347 909 nec
1381 847 1617 909 nomine
1635 845 1810 909 ceffat

411 940 679 1007 Incusare
699 944 906 1019 Jovem
922 990 944 1019 ‚
983 947 1116 1008 data
1134 946 1201 1008 fit
1227 948 1383 1025 quod
1406 948 1519 1009 vita
1545 948 1835 1025 perenni&

413 1042 658 1122 Respice
683 1047 738 1107 ἃ
759 1047 830 1107 ad
849 1045 1036 1109 cultus
1056 1048 1251 1109 animi.
1294 1049 1389 1111 Sic
1418 1068 1627 1127 nempe
1653 1050 1929 1124 pudicum

414 1146 670 1211 Perdidit
703 1146 1083 1224 Hippolytum
1107 1167 1223 1210 non
1246 1148 1386 1210 felix
1414 1168 1547 1213 cura
1562 1151 1815 1226 pudoris.

420 1250 494 1309 At
514 1261 713 1309 contra
739 1245 1021 1310 illecebris
1040 1248 1384 1311 maculosam
1409 1251 1619 1311 ducere
1643 1250 1816 1312 vitam

403 1338 613 1424 'Quem
633 1343 814 1423 juvat,
859 1348 1134 1427 adspiciat
1155 1370 1381 1428 paean,
1424 1355 1479 1413 &
1498 1352 1735 1414 crimina
1750 1370 1975 1429 regum,

419 1449 639 1515 Tereos
655 1448 849 1513 incesti
876 1495 896 1524 ‚
940 1450 1032 1512 vel
1053 1450 1243 1512 mollis
1266 1450 1650 1528 Sardanapali.

420 1550 719 1613 Perfidiam
743 1552 920 1628 vitare
939 1568 1179 1615 monent
1203 1553 1309 1614 tria
1336 1552 1541 1614 Punica
1566 1551 1745 1615 bella:

423 1652 536 1717 Sed
557 1644 826 1731 prohibet
846 1652 1066 1715 servare
1077 1653 1254 1715 fidem
1278 1652 1465 1715 deleta
1492 1654 1798 1731 Saguntos.

420 1754 568 1817 Vive
589 1797 608 1829 ‚
653 1740 1004 1817 &amicitias
1023 1753 1248 1833 semper
1272 1752 1418 1817 cole.
1464 1754 1699 1828 Crimen
1734 1752 1813 1815 ob
1834 1752 1980 1815 istud

420 1854 904 1934 Pythagoreorum
932 1858 1099 1935 periit
1113 1855 1307 1920 schola
1320 1857 1491 1920 dodta
1512 1854 1853 1933 Sophorum.

420 1957 554 2022 Hoc
579 1971 841 2020 metuens
863 1959 1053 2036 igitur,
1093 1958 1273 2020 nullas
1289 1957 1436 2022 cole.
1478 1957 1709 2020 Crimen
1734 1955 1811 2018 ob
1828 1955 1977 2018 istud

305 2129 310 2134 ,
421 2059 636 2123 Timon
663 2059 926 2122 Palladiis
943 2061 1082 2120 olim
1108 2059 1393 2135 lapidatus
1412 2058 1670 2120 Athenis.

418 2160 664 2226 Diffidet
687 2160 964 2238 ambiguis
979 2157 1203 2235 semper
1224 2177 1383 2220 mens
1400 2158 1570 2218 obvia
1598 2157 1765 2220 votis.

365 2255 370 2262 ’
420 2263 552 2325 Nec
575 2260 812 2322 voluisse
837 2259 1059 2321 homini
1082 2258 1215 2322 satis
1248 2258 1345 2321 est.
1388 2259 1603 2334 optata
1628 2257 1867 2340 recusat.

421 2360 549 2426 Effe
566 2361 628 2420 in
645 2359 864 2421 honore
880 2359 1082 2436 placet.
1127 2359 1279 2422 Mox
1299 2359 1561 2436 poenitet.
1612 2361 1679 2424 Et
1696 2359 1979 2422 dominari

421 2462 504 2526 Ut
525 2459 694 2538 poffit
713 2503 732 2534 ‚
775 2461 979 2525 servire
999 2461 1176 2523 volet.
1220 2459 1381 2522 Idem
1412 2463 1608 2524 auctus
1624 2461 1882 2536 honore,

421 2563 660 2630 Invidiae
675 2561 965 2640 objicitur.
1010 2564 1234 2626 Pernox
1257 2562 1337 2625 est
1350 2582 1485 2626 cura
1502 2544 1756 2625 disertis:

423 2667 538 2729 Sed
564 2665 719 2727 rudis
744 2678 946 2726 ornatu
971 2665 1104 2728 vitae
1119 2676 1291 2728 caret.
1338 2665 1466 2726 Esto
1494 2679 1766 2741 patronus
1788 2707 1810 2738 ,
1940 2691 1954 2727 ς

421 2768 498 2830 Et
515 2767 766 2830 defende
789 2784 953 2830 reos:
995 2763 1094 2828 sed
1118 2766 1295 2844 gratia
1314 2784 1431 2826 rara
1458 2765 1707 2830 clientis.

423 2867 558 2931 Esto
581 2867 796 2930 cliens:
837 2868 1022 2947 gravis
1047 2865 1276 2944 imperii
1293 2865 1532 2943 persona
1558 2851 1799 2941 patroni.

422 2967 709 3033 Exercent
727 2967 884 3032 hunc
907 2981 1040 3031 vota
1058 2967 1302 3030 Pattum.
1347 2967 1497 3030 Mox
1526 2965 1721 3044 aspera
1740 2965 1889 3028 curis

429 3067 767 3132 Sollicitudo
781 3067 949 3130 subit.
992 3068 1395 3133 Contemnitur
1408 3067 1549 3128 orba
1574 3067 1829 3130 senec‘tus
1845 3109 1864 3140 ‚

431 3167 508 3234 Et
532 3168 834 3246 captatoris
854 3169 1046 3247 praeda
1067 3168 1149 3232 est
1169 3169 1410 3231 haeredis
1437 3185 1669 3244 egenae.
