2278 3794
96 3132 137 3170 ι

444 304 552 365 188
765 394 778 401 ἱ
941 289 1550 365 AUSO'N11-

437 447 665 511 Viscere
695 468 806 527 prae
849 463 1047 513 tenero
1085 452 1277 515 fartim
1320 452 1619 531 congestus
1660 455 1868 519 aristis:
1962 464 1987 501 '-

434 538 566 615 Nec
595 553 888 614 duraturus
923 554 1046 630 post
1077 534 1219 615 bina
1263 553 1493 616 trihoria
1538 556 1757 617 meniis.

435 653 848 731 Purpureisque
889 653 1041 717 Salar
1075 654 1323 716 stellatus
1361 670 1585 733 tergora
1630 657 1837 732 guttis,
1920 682 1935 691 ’

423 755 509 819 ‘Et
548 754 704 817 nullo
743 754 914 833 spinae
955 758 1247 818 nociturus
1290 758 1551 819 acumine
1594 757 1777 819 Redo.

430 855 838 935 Effugiensque
867 854 1064 918 oculos
1081 855 1253 917 celeri
1277 856 1416 917 levis
1439 857 1649 920 Umbra
1690 872 1899 921 natatu.

433 958 638 1034 Tuque
683 976 783 1033 per
814 955 1031 1031 obliqui
1076 955 1272 1019 fauces
1312 974 1515 1019 vexate
1560 960 1793 1031 Saravi,

435 1062 567 1136 Qua
601 1058 685 1119 bis
725 1070 884 1119 terna
920 1056 1175 1119 fremunt
1204 1055 1505 1133 scopulofis
1541 1060 1677 1119 ostia
1714 1058 1881 1136 pilis,

435 1162 631 1236 Quum
679 1156 962 1219 defluxisti
989 1158 1153 1219 famae
1196 1160 1426 1233 majoris
1459 1160 1519 1220 in
1563 1179 1833 1231 amnem,

434 1258 691 1323 Liberior
729 1257 890 1318 laxos
939 1276 1175 1321 exerces
1212 1258 1393 1321 Barbe
1440 1274 1681 1321 natatus·

433 1362 526 1424 Tu
557 1359 758 1420 melior
805 1362 1002 1437 pejore
1037 1380 1197 1435 aev03
1240 1361 1345 1422 tibi
1388 1362 1630 1439 contigit
1668 1360 1827 1422 omni

431 1461 758 1536 spirantum
793 1480 868 1523 ex
900 1480 1137 1523 numero
1184 1480 1299 1522 non
1340 1460 1627 1523 inlaudata
1664 1460 1946 1527 senectus.

433 1564 564 1626 Nec
609 1576 668 1623 tc
707 1562 957 1639 puniceo
998 1562 1323 1623 rutiiantem
1364 1561 1578 1625 viscere
1611 1561 1802 1625 Salmo

432 1662 807 1736 Tranfierim,
849 1662 974 1724 latae
1007 1665 1171 1739 cuius
1206 1682 1346 1742 vaga
1381 1662 1614 1725 verbera
1652 1664 1845 1726 caudae

434 1765 672 1843 Gurgite
709 1766 782 1825 de
820 1766 1012 1826 medio
1054 1763 1298 1827 summas
1326 1764 1649 1827 referuntur
1680 1765 1739 1824 in
1756 1765 1933 1825 undas
1960 1807 1983 1839 ,

435 1864 712 1930 Occultus
761 1865 989 1945 placido
1031 1886 1163 1929 cum
1203 1868 1459 1944 proditur
1487 1882 1711 1944 aequore
1736 1862 1944 1942 pulsus·

431 1970 526 2033 Tu
578 1968 818 2030 loricato
856 1968 1183 2044 squamosus
1227 1972 1497 2044 pectore,
1539 1968 1791 2048 frontem

431 2068 710 2132 Lubricus
733 2113 750 2140 ‚
807 2073 862 2130 Gt.
899 2069 1085 2130 dubiae
1125 2069 1378 2130 facturus
1409 2067 1625 2131 fercula
1668 2086 1886 2139 coenae,

432 2171 722 2244 Tempora
754 2168 1048 2242 longarum
1083 2165 1201 2228 fers
1242 2169 1571 2245 incorrupte
1618 2185 1939 2240 morarum,

431 2268 718 2345 Praefignis
761 2266 994 2330 maculis
1033 2267 1269 2343 capitis:
1334 2268 1426 2328 cui
1468 2267 1705 2343 prodiga
1746 2281 1908 2331 nutat
1956 2293 1963 2300 ·

426 2368 640 2439 Alvus,
677 2367 1052 2442 opimatoque
1083 2365 1264 2428 fluens
1294 2365 1605 2442 abdomine
1643 2378 1861 2426 venter.
1954 2386 1961 2392 ·

434 2470 690 2545 Quaeque
711 2486 810 2543 per
831 2465 1142 2543 Illyricum,
1186 2483 1287 2540 per
1300 2466 1487 2541 stagna
1498 2464 1814 2526 binominis
1836 2462 1975 2536 Istri,

431 2569 770 2645 spumarum
809 2566 1038 2628 indiciis
1071 2567 1289 2644 caperis
1342 2565 1605 2628 Mostella
1639 2576 1974 2638 natantum5

427 2670 502 2734 In
541 2669 789 2752 nostrum
823 2667 1090 2730 subvecta
1121 2666 1371 2739 fretum,
1416 2649 1492 2728 r'ie
1537 2667 1649 2729 lata
1686 2664 1945 2726 Mosellae

429 2771 692 2837 Flumina
737 2785 851 2831 tam
888 2767 1098 2830 celebri
1142 2768 1607 2830 defraudarentur
1650 2767 1901 2829 alumno.

421 2873 580 2948 'Quis
621 2886 677 2933 te
718 2885 926 2932 natura:
966 2869 1153 2947 pinxit
1192 2870 1398 2934 color?
1442 2861 1559 2930 a'tra
1600 2868 1841 2946 superne
1950 2864 1961 2918 Τ

429 2971 647 3034 Puncta
671 2985 884 3032 notant
923 2983 1181 3047 tergum,
1222 2989 1349 3046 quae
1388 2968 1540 3031 lutea
1576 2970 1777 3033 circuit
1816 2961 1969 3032 Iris(

429 3069 674 3130 Lubrica
714 3068 982 3130 caeruleus
1022 3072 1286 3146 perducit
1326 3083 1547 3146 tergora
1587 3069 1769 3131 fucus·

373 3171 382 3180 '
433 3167 703 3246 Corporis
715 3169 788 3230 ad
802 3169 1058 3230 medium
1078 3170 1267 3232 fartim
1288 3169 1641 3248 pinguescis:
1682 3181 1741 3232 at
1752 3165 1911 3230 illinc
