2278 3794
716 304 1392 411 EMSTOLJE,
1739 323 1852 391 ,ω

295 456 405 517 Aut
443 457 663 519 cunetis
706 459 912 534 pariter
948 420 1202 523 verfibue
1241 462 1461 526 oblinat

211 596 226 606 ,-
287 554 525 619 Fulvam
562 557 857 621 lacticolor
896 560 1127 639 spongia
1179 561 1411 641 sepiam.

368 696 665 771 Pareamus
704 712 847 773 vitio
892 712 1262 776 Domnotinae
1303 716 1551 779 domus:

286 809 381 869 Ne
422 809 487 871 fit
526 811 720 873 charta
762 798 919 874 mihi‘
944 817 1124 878 carior
1168 816 1400 879 ostreis-

354 954 501 1019 vm.
580 960 925 1023 Ausomus
968 964 1144 1024 Ax1o
1181 962 1412 1025 'PAULO
1455 962 1690 1025 Rhetori
1727 966 1784 1027 S.

292 1098 555 1161 Tandem
594 1102 821 1165 eluCtati
869 1104 1181 1167 retinacula
1234 1106 1439 1169 blanda
1481 1127 1811 1185 morarum,

363 1200 674 1280 Burdigalae
710 1206 915 1267 molles
954 1206 1224 1283 liquimus
1262 1208 1578 1274 illecebrasO
1707 1282 1714 1291 ,

247 1322 251 1329 ’
286 1302 767 1383 Santonicamque
810 1308 1011 1369 urbem
1056 1309 1246 1371 vicino
1279 1309 1610 1373 accessimus
1648 1330 1805 1389 agro.

363 1405 539 1481 Quod
580 1406 686 1468 tibi
713 1406 749 1467 fi
777 1421 997 1487 gratum
1019 1410 1119 1484 est,
1163 1412 1380 1487 optime
1415 1412 1602 1485 Paule,
1644 1404 1847 1489 proba.

283 1505 639 1583 Cornipedes
686 1525 910 1587 raptant
952 1511 1194 1588 imposta
1230 1515 1476 1590 petorita
1507 1512 1713 1576 mulae:

357 1605 462 1667 Vel
502 1608 634 1671 cisio
672 1612 901 1689 trijugi,
956 1612 995 1673 fi
1039 1612 1268 1690 placet,
1303 1608 1558 1676 ‘infiliasx

172 1757 175 1768 .
283 1707 390 1769 Vel
413 1709 656 1771 celerem
686 1730 982 1786 mannum,
1026 1712 1114 1775 v‘el
1134 1730 1361 1791 ruptum
1391 1730 1546 1791 terga
1572 1714 1848 1777 veredum

358 1810 760 1884 Conscendas3
803 1820 1045 1891 propere
1091 1814 1228 1875 dum
1279 1815 1456 1874 modo
1489 1816 1607 1889 jam
1630 1815 1847 1884 venias,

280 1912 540 1974 Instantis
572 1930 844 1979 revocant
870 1917 1000 1992 quia
1027 1936 1131 1977 nos
1152 1915 1423 1977 solemnia
1454 1915 1700 1980 Paschae.

358 2016 561 2078 Libera
613 2036 721 2079 nec
753 2017 921 2080 nobis
962 2017 1041 2078 est
1082 2003 1244 2080 mora
1287 2017 1532 2080 defidiae.

280 2117 474 2180 Perfer
507 2119 565 2179 in
607 2118 845 2181 excursu
884 2118 977 2182 vel
1014 2122 1231 2205 terjuga
1278 2118 1458 2181 millia
1503 2118 1776 2197 epodon,

361 2218 466 2280 Vel
504 2219 668 2282 falsas
720 2221 884 2297 lime,
928 2242 1065 2301 quas
1112 2219 1306 2286 schola
1363 2221 1539 2283 vestra
1578 2219 1725 2283 serit.
1844 2291 1856 2299 „

206 2383 217 2396 ,
281 2320 597 2384 Nobiscum
637 2325 896 2387 invenies
940 2323 1156 2397 nullae,
1199 2324 1329 2401 quia
1369 2321 1636 2401 liquimus
1663 2319 1789 2386 istic

356 2425 649 2503 Nugarum
679 2440 898 2488 veteres
936 2445 1067 2490 cum
1116 2424 1230 2488 sale
1265 2423 1569 2498 relliquias.

645 2571 753 2634 IX.
833 2573 1177 2634 Ausomus
1222 2572 1464 2635 PAuLo.

282 2715 480 2776 Ostrea
506 2714 789 2778 nobilium
814 2709 995 2778 coenis'
1022 2759 1041 2789 ‚
1085 2714 1426 2792 sumptuque
1452 2725 1729 2790 nepotum

281 2817 525 2892 Cognita
549 2862 567 2891 ‚
606 2815 945 2892 diversoque
983 2815 1154 2878 maris
1193 2813 1427 2877 defensa
1466 2813 1794 2892 profundo.
1884 2819 1892 2826 ’

278 2924 393 2981 Aut
431 2919 645 2997 refugis
687 2917 900 2979 nudata
943 2919 1103 2980 vadis
1131 2964 1148 2990 ‚
1197 2931 1295 2980 aut
1335 2916 1568 2992 scrupea
1610 2914 1803 2976 subter

281 3013 491 3092 Antra,
558 3022 613 3080 &
672 3019 937 3082 muriceis
974 3019 1338 3097 scopulorum
1379 3015 1559 3079 mersa
1599 3017 1856 3091 lacunie,·

280 3124 425 3199 Quae
462 3119 657 3183 viridis
694 3119 941 3196 musena,
982 3141 1105 3199 quae
1130 3122 1382 3184 dedecor
1409 3121 1532 3198 alga
1552 3119 1853 3218 recondita
