2278 3794
1101 31 1121 78 f.

518 337 523 340 ·
642 331 785 396 An
860 327 1564 396 AUSONIUM.
1775 350 1876 414 373

256 481 265 498 “
320 485 409 552 Ex
454 503 569 563 quo
614 483 906 548 nullatum
943 483 1087 548 mihi
1132 481 1324 550 litteta
1364 484 1526 546 venit
1570 482 1644 546 ab
1678 494 1854 562 ote,.'

400 585 574 649 Nulla
614 598 713 648 tua
752 585 869 648 vidi
914 585 1117 664 scripta
1161 595 1358 646 notata
1399 599 1590 651 manu.

321 689 472 750 Ante
514 686 805 750 salutifero
838 673 983 748 stix
1024 703 1158 752 cum
1207 684 1403 748 charta
1441 684 1642 748 libello

396 789 565 850 Dona
607 800 811 866 negata
840 788 980 862 diu,
1022 786 1409 871 multiplicata
1441 787 1622 848 daret.
1737 821 1740 823 Δ

300 889 497 954 Trina
528 889 744 951 etenim
779 890 937 950 vatic
976 887 1219 950 florebat
1249 887 1486 964 epistola
1517 899 1680 950 textu
1702 931 1722 964 ,

355 1042 359 1046 ,
396 990 510 1052 Sed
549 989 847 1052 numerosa
886 989 1093 1066 triplex
1137 988 1344 1067 pagina
1383 1006 1615 1051 carmen
1652 999 1792 1052 erata

315 1091 521 1157 Dulcia
564 1089 919 1160 multimodis
952 1090 1212 1168 quaedam
1262 1088 1556 1152 subamara
1593 1089 1838 1168 querelis

393 1190 579 1256 Anxia
614 1190 863 1255 censurae
911 1189 1214 1254 miscuerat
1249 1190 1452 1269 pietas.

316 1295 431 1358 Sed
448 1293 590 1356 mihi
601 1294 743 1356 mite
762 1293 953 1372 patris¹
965 1291 1268 1371 plusquam
1288 1291 1540 1355 censoris
1565 1291 1838 1357 acerbum

392 1396 555 1458 Sedit
580 1439 601 1468 ‚
642 1397 699 1456 ἃ
752 1389 786 1456 ὲ
813 1392 1039 1456 blandis
1081 1391 1277 1471 aspera
1315 1392 1496 1469 penso
1537 1395 1748 1456 animo,

314 1497 423 1562 Ista
458 1495 558 1558 suo
608 1495 909 1560 referenda
940 1495 1075 1558 loco
1117 1505 1348 1565 tamen,
1391 1497 1450 1556 δι
1496 1495 1758 1573 graviore
1849 1513 1854 1517 ’

390 1597 650 1660 Vindicis
688 1596 856 1658 heroi·
888 1594 1019 1658 sunt
1055 1595 1324 1673 agitanda
1357 1594 1519 1662 sono·

254 1753 259 1758 ,
313 1696 539 1762 interea
573 1695 755 1760 levior
794 1698 989 1774 paucis
1020 1698 1314 1774 praecurrit
1347 1697 1609 1772 iambus,

388 1797 655 1864 Discreto
693 1798 947 1858 referens
984 1809 1183 1859 mutua
1212 1797 1387 1860 verba
1423 1798 1593 1875 pede.

315 1902 495 1975 Nunc
535 1900 683 1979 elegi
714 1897 929 1962 salvere
978 1900 1222 1975 jubent,
1265 1900 1532 1977 dictaque
1567 1897 1785 1978 salute,
1818 1945 1824 1953 ·

358 1998 364 2005 ’
396 2004 471 2069 Ut
512 2001 706 2066 fecere
744 2002 870 2075 aliis
910 1999 1037 2063 orsa
1078 2001 1467 2079 gradumque,
1509 1986 1690 2066 silent.

314 2104 473 2183 Quid
514 2103 815 2169 ‚abdicatas
852 2104 915 2163 in
960 2120 1149 2163 meam
1191 2120 1387 2166 cutam
1408 2146 1428 2177 ,
1465 2116 1628 2180 patet
1647 2146 1670 2179 ,

388 2205 603 2267 Redire
639 2203 836 2269 Musas
868 2202 1125 2281 praecipis
1145 2205 1175 2265 ‘2
1575 2186 1613 2222 f

311 2307 546 2385 Negant
594 2306 871 2369 camoenis
898 2350 919 2378 ,
963 2324 1073 2368 nec
1109 2316 1314 2383 patent
1347 2302 1628 2383 Apollini·

391 2408 593 2476 Dicata
628 2406 849 2471 Christo
884 2410 1135 2484 pectora.

308 2510 449 2574 Fuit
482 2508 583 2573 ista
618 2508 909 2587 quondam
942 2527 1059 2569 non
1110 2526 1264 2586 ope,
1304 2506 1406 2570 sed
1441 2506 1626 2571 studio
1673 2507 1826 2585 pari-

394 2610 619 2675 Tecum
654 2609 797 2673 mihi
836 2610 1188 2681 concordia,

310 2713 483 2780 Ciere
512 2710 747 2776 surdum
786 2708 1071 2787 Delphica
1120 2708 1403 2773 Phoebum
1444 2708 1654 2786 specu,

392 2814 613 2875 Vocare
650 2810 844 2876 Musas
882 2812 1152 2882 numina,
1413 2844 1418 2847 ·
1565 2846 1570 2849 -

312 2913 611 2991 Fandique
647 2932 855 2978 munus
893 2931 1128 2975 munere
1165 2850 1450 2974 indultum
1488 2909 1656 2984 Dei,

390 3016 591 3081 Petere
636 3011 670 3078 ὲ
708 3002 1037 3079 nemoribus
1077 3026 1176 3075 aut
1207 3013 1376 3091 jugis.

1118 3140 1286 3213 A-a3

286 3571 353 3605 fl
