2278 3794
288 312 509 415 *¹¹00
939 250 1600 363 ausonn'

506 447 994 531 Qpaeffiunereum
1033 431 1365 516 modulatus
1465 482 1470 488 ·

503 551 642 616 Tibi
676 552 913 621 moestus
952 552 1271 618 avunculus
1309 550 1502 616 offert.-

388 696 652 766 ·le11.
728 698 838 763 FL.
856 700 1192 774 SANCTUS,
1233 678 1991 777 maritnsrum-:nrmm

802 821 923 881 qua
946 798 1121 882 Joror
1160 802 1431 864 SABINAE
1470 820 1614 861 mea.

428 943 547 1024 Qui
561 930 1080 1025 jocalaetitiam‘que
1096 946 1240 1009 colis
1255 988 1276 1021 ,
1317 947 1414 1025 qui
1435 944 1607 1008 tristia
1626 944 1863 1009 damnas
1887 990 1908 1020 ,

446 1082 453 1089 ι
500 1048 632 1111 Nec
658 1050 863 1115 metuis
883 1068 1206 1127 quenquam
1224 1093 1244 1123 ,
1291 1068 1402 1110 nec
1418 1050 1762 1109 metuendus
1789 1049 1945 1127 agis:

293 1166 309 1174 ··
422 1150 543 1228 Qui
560 1148 777 1213 nullum
795 1149 1008 1213 insidiis
1028 1164 1224 1227 captas
1247 1194 1267 1225 ‚
1310 1168 1422 1213 nee
1445 1148 1547 1211 lite
1574 1148 1829 1224 lacellis,

500 1253 614 1314 Sed
632 1251 833 1327 justam
857 1256 911 1314 &
938 1250 1194 1315 clemens
1216 1252 1392 1313 vitam
1413 1251 1534 1330 agis
1555 1296 1574 1323 ‚
1615 1254 1671 1313 δι
1699 1250 1944 1328 sapiens,

356 1401 362 1406 .
419 1350 785 1429 ¹I’ranquillos
804 1354 1044 1427 Manes,
1089 1352 1466 1431 supremaque
1485 1353 1646 1414 mitia
1681 1352 1874 1417 sandi

500 1454 619 1517 Ore
639 1454 737 1532 pio
752 1498 771 1527 ‚
811 1456 867 1517 ἃ,
884 1454 1070 1517 verbis
1093 1457 1441 1517 advenerare
1483 1453 1684 1517 bonis:

416 1554 690 1621 Militiam
709 1554 865 1618 nullo
884 1557 979 1635 qui
994 1556 1220 1619 turbine
1242 1554 1471 1619 sedulus
1497 1557 1616 1634 egit
1637 1576 1654 1618 z

465 1658 469 1663 ’
490 1657 726 1721 Praelide
747 1657 965 1720 laetatus
988 1678 1103 1736 quo
1122 1658 1451 1735 Rutupinus
1469 1654 1620 1736 ager.

414 1759 731 1839 Octoginta
768 1779 950 1834 annos
986 1762 1150 1838 cujus
1181 1758 1484 1837 tranquilla
1527 1744 1792 1823 sentitus

491 1860 672 1928 Nullo
711 1862 954 1926 mutavit
993 1863 1280 1927 deteriore
1317 1862 1431 1928 die.

412 1963 566 2044 Ergo
584 1983 812 2040 precare
839 1965 1077 2029 favens:
1120 1979 1186 2028 ut
1208 2010 1228 2039 ,
1273 1965 1460 2045 qualia
1485 1977 1747 2042 tempora
1766 1961 1894 2026 vitae
1909 2005 1932 2038 ‚

489 2067 654 2132 Talia
684 2070 739 2129 ἃ
768 2067 842 2128 ad
878 2065 1089 2132 Manes
1133 2068 1253 2129 otia
1299 2069 1538 2132 Sanctus
1567 2077 1716 2144 agat.

540 2211 710 2276 XIX.
783 2211 1029 2276 ΝΑΜῙΑ
1064 2213 1511 2277 ΡυῡεΝΤῐιιΑ
1541 2255 1563 2287 ,
1603 2211 1829 2289 adfinis.

404 2357 615 2434 Tuque
648 2355 1031 2420 Pudentillam
1070 2358 1258 2422 verbis
1297 2358 1493 2420 adfare
1527 2354 1803 2435 supremis
1829 2399 1852 2432 ‚

484 2457 628 2536 Quae
652 2459 819 2520 famae
857 2479 1089 2534 curam,
1130 2480 1256 2538 quae
1295 2457 1595 2539 probitatis
1650 2459 1878 2522 habes.·

402 2559 634 2624 Nobilis
654 2559 807 2636 haec,
830 2561 1002 2640 frugi,
1044 2565 1247 2640 proba,
1288 2561 1436 2636 laeta,
1469 2561 1702 2640 pudica,
1729 2561 1962 2634 decora,

482 2662 826 2742 Coniugium
863 2666 1054 2728 Sancti
1086 2663 1296 2743 jugiter
1329 2664 1452 2726 haec
1490 2662 1710 2726 habuit.

399 2761 680 2827 Inviolata
724 2779 891 2828 tuens
924 2766 1085 2830 castae
1112 2764 1400 2846 praeconia
1435 2765 1599 2839 vitae,

477 2865 652 2927 Rexit
688 2887 831 2942 opes
866 2869 1163 2946 proprias,
1225 2869 1343 2928 otia
1380 2880 1585 2946 agente
1615 2863 1760 2927 viro,

397 2965 536 3031 Non
561 2967 695 3029 ideo
713 2969 1083 3046 exprobrans,
1102 2983 1199 3031 aut
1219 2967 1413 3031 fronte
1432 2968 1704 3040 obducito,
1727 2963 1958 3040 marite,

476 3067 653 3148 Quod
694 3084 921 3148 gereret
954 3081 1136 3134 totam
1177 3071 1396 3133 femina
1454 3069 1576 3133 sola
1625 3069 1883 3132 domum.
