2278 3794
176 3090 195 3113 ὓ
271 3084 302 3123 ⁸

435 303 1993 486 ffifflssffiffiffiffffi

433 734 440 744 .
801 639 1639 733 D.MAGNI

433 827 1867 944 'AUSONII

427 1131 436 1138 ‚
670 1039 1733 1108 BussnchLENs1s

429 1157 1913 1342 ΈΡΙΘΚΑΜΜΑΤΑ

684 1507 733 1576 Ι.
809 1508 900 1571 De
954 1510 1279 1573 AUGUSTO
1335 1510 1721 1597 Epigramma.

416 1665 504 1774 P
509 1712 670 1776 haebe
690 1727 897 1793 potens
932 1716 1184 1778 numeris
1198 1759 1219 1789 ,
1262 1713 1475 1792 praeses
1488 1713 1753 1780 Tritonia
1790 1709 1979 1787 bellis,

416 1824 510 1888 Tu
530 1843 757 1904 quoque
775 1825 844 1886 ab
865 1827 1020 1887 aerio
1043 1845 1259 1905 praepes
1282 1825 1535 1887 Victoria
1554 1823 1710 1902 lapsu
1729 1869 1747 1896 ,

415 1925 601 1989 Come
623 1925 933 1990 serenatam
954 1928 1169 2004 duplici
1200 1912 1525 1991 diader'nate
1545 1928 1792 1988 frontem
1812 1972 1832 1999 ,

415 2030 575 2091 Serta
593 2028 783 2090 ferens
801 2050 826 2092 r
859 2048 981 2106 quae
1000 2031 1153 2091 dona
1171 2044 1339 2107 togae,
1360 2050 1483 2104 quae
1499 2026 1727 2106 praemia
1746 2047 1975 2107 pugnat.

415 2128 679 2191 Bellandi
714 2129 988 2206 fandique
1010 2142 1218 2207 potens
1248 2130 1555 2207 Augustus,
1602 2130 1883 2191 honorem

411 2230 508 2292 Bis
537 2243 756 2291 meret:
785 2242 847 2292 ut
874 2231 1131 2307 geminet
1150 2229 1381 2305 ιίωἱοε,
1414 2233 1509 2309 qui
1534 2231 1735 2307 proelia
1755 2230 1935 2293 Mufis

414 2332 746 2409 Temperat:
767 2334 819 2393 δι
835 2332 1086 2409 geticum
1103 2332 1471 2395 moderatum
1480 2332 1698 2411 polline
1708 2333 1968 2399 Martem.

410 2433 579 2494 Arma
601 2432 748 2494 inter
771 2432 1121 2511 Chunosque
1142 2447 1330 2497 truces
1353 2479 1372 2509 ,
1402 2434 1670 2511 furtoque
1692 2447 1969 2496 nocentes

411 2535 772 2597 Sauromatas
790 2579 808 2608 ‚
858 2548 1132 2611 quantum
1156 2534 1330 2599 ceffat
1348 2536 1421 2598 de
1444 2551 1706 2613 tempore
1728 2535 1902 2611 beni,

411 2635 680 2713 Indulget
703 2634 902 2697 Clariis
944 2651 1167 2699 tantum
1198 2638 1350 2698 inter
1384 2638 1554 2699 castra
1575 2638 1886 2700 CamoeniS.

409 2738 523 2799 Vix
556 2735 742 2813 posuit
779 2737 1042 2801 volucres
1069 2737 1357 2801 stridentia
1391 2737 1505 2800 tela
1537 2738 1802 2816 sagittasz

407 2838 706 2903 Musarum
727 2840 800 2901 ad
824 2838 1070 2902 calamos
1092 2840 1269 2901 fertur
1297 2860 1495 2902 manus
1510 2884 1529 2915 ‚
1553 2840 1670 2902 otia
1688 2839 1907 2903 nescit:

406 2940 482 3004 Et
507 2956 854 3003 commutata
880 2942 1185 3003 meditatur
1216 2942 1494 3005 arundine
1520 2961 1769 3005 carmen.
1877 2994 1881 2999 .

409 3040 526 3103 Sed
541 3060 767 3102 carmen
788 3061 904 3101 non
923 3041 1094 3103 molle
1115 3044 1325 3117 modis,
1358 3041 1505 3105 bella
1527 3042 1963 3106 horridaMartis

411 3142 571 3221 Odry
581 3143 638 3205 fii
655 3186 675 3218 ,
710 3142 1072 3221 Thteffaeque
1095 3145 1363 3224 viraginis
1382 3164 1534 3206 arma
1558 3148 1839 3207 retractat.
