2278 3794
457 318 565 393 178
958 296 1502 373 AUSONII

455 467 569 527 Aut
610 460 748 537 pubi
786 460 1133 521 admoveant
1165 460 1478 538 petulantia
1497 458 1723 527 lumina
1749 459 1990 541 lychni:

454 561 585 640 Ipsa
624 562 799 623 etiarn
833 559 995 622 fimili
1030 561 1284 639 genitrix
1317 561 1570 624 obnoxia
1601 562 1784 640 culpae

453 664 619 728 Alma
658 663 851 723 Venus
898 674 1089 723 tantos
1125 676 1392 738 penetrat
1437 662 1626 725 secura
1671 664 1969 731 tumultus.

454 767 585 829 Nec
618 766 1010 827 circumvento
1046 778 1355 839 properans
1393 761 1654 841 suffragia
1685 776 1820 828 nato

454 867 759 931 Terrorem
778 864 1109 940 ingeminat,
1153 862 1499 940 stimulisque
1521 866 1788 927 accendit
1801 866 2016 928 amaris

453 967 747 1043 Ancipites
759 964 987 1027 Furias:
1028 964 1262 1040 natique
1280 965 1338 1024 in
1363 965 1598 1026 crimina
1625 965 1852 1026 confert

452 1069 723 1132 Dedecus
756 1064 875 1141 ipsa
908 1063 1109 1126 suum:
1153 1065 1309 1141 quod
1355 1065 1580 1127 vincula
1607 1082 1769 1128 coeca
1810 1067 2004 1128 mariti

450 1164 749 1243 Deprenso
786 1166 1051 1227 Mavorte
1090 1165 1255 1226 tulit:
1313 1166 1466 1242 quod
1501 1166 1656 1241 pube
1691 1169 1964 1245 pudenda

451 1257 901 1342 Hellespontiaci
938 1266 1154 1327 ridetur
1192 1265 1375 1328 forma
1409 1268 1608 1343 Priapi.

452 1367 629 1445 Quod
640 1366 1056 1443 crudelisEryx3
1075 1368 1232 1444 quod
1241 1365 2002 1444 semivirHermaphroditus.

450 1471 582 1533 Nec
612 1468 742 1528 satis
776 1468 836 1527 in
876 1468 1081 1530 verbis·
1164 1468 1349 1529 Roseo
1381 1468 1575 1529 Venus
1599 1488 1769 1531 aurea
1805 1469 1958 1532 serto

450 1570 803 1633 Maerentem
824 1566 1007 1645 pulsat
1021 1587 1286 1648 puerum,
1318 1572 1372 1631 δι
1387 1570 1642 1647 graviora
1667 1585 1994 1646 paventem.

451 1670 571 1734 Olli
619 1688 963 1748 purpureum
1006 1670 1256 1731 mulcato
1291 1687 1532 1746 corpore
1571 1690 1759 1732 rorem

450 1771 648 1836 Sutilis
678 1769 946 1849 expreffit
976 1770 1179 1834 crebro
1209 1770 1328 1832 rosa
1359 1771 1634 1833 verbere:
1673 1790 1798 1847 quae
1816 1818 1834 1844 ,
1876 1776 2009 1848 iam

450 1876 657 1938 Tincta
688 1874 841 1952 prius
862 1920 881 1948 ,
922 1873 1096 1936 traxit
1130 1872 1358 1936 rutilum
1387 1870 1566 1951 magis
1580 1872 1746 1949 ignea
1769 1872 1988 1938 fucum.

446 1976 591 2038 Inde
624 1989 811 2038 truces
850 1975 1113 2037 cecidere
1141 1973 1339 2037 minae:
1381 1974 1742 2052 vindictaque
1773 1979 1956 2050 major

448 2076 701 2138 Crimine
740 2075 851 2138 visa
890 2075 989 2138 suo
1008 2119 1027 2148 ‚
1068 2075 1351 2137 Venerem
1391 2075 1606 2137 factura
1654 2093 1988 2146 nocentem.

445 2175 585 2252 Ipsae
612 2178 975 2237 intercedunt
999 2175 1318 2249 Heroides,
1355 2178 1412 2238 δι
1439 2174 1536 2246 sua
1569 2197 1808 2255 quaeque

443 2275 664 2336 Funera
684 2275 899 2339 crudeli
925 2275 1145 2338 malunt
1180 2275 1498 2338 adscribere
1529 2277 1671 2340 fato·

442 2376 596 2438 Turn
634 2389 817 2454 grates
846 2379 939 2453 pia
979 2393 1162 2440 mater
1194 2379 1343 2454 agit,
1385 2377 1598 2441 ceffiffe
1635 2379 1898 2443 dolentes
1917 2425 1938 2456 ,

441 2475 515 2543 Et
546 2477 897 2539 condonatas
936 2497 1144 2557 pueros
1175 2479 1460 2540 dimittere
1491 2479 1705 2558 culpas.

513 2653 677 2717 Talia
718 2655 1009 2718 nocturnis
1048 2653 1188 2716 olim
1231 2653 1522 2718 simulacra
1563 2657 1775 2736 figuris.

438 2755 723 2820 Exercent
764 2758 1045 2834 trepidam
1076 2756 1230 2820 caffo
1271 2770 1484 2819 terrore
1521 2759 1797 2835 quietem.

378 2876 397 2894 =
440 2855 583 2931 Quae
614 2858 907 2936 postquam
933 2857 1109 2921 multa
1132 2859 1424 2938 perpessus
1451 2861 1624 2921 nocte
1667 2858 1898 2938 Cupide

435 2953 683 3033 Effugit,
724 2959 881 3036 pulsa
908 2960 1144 3024 tandem
1183 2957 1426 3039 caligine
1455 2958 1642 3022 somni

430 3053 639 3144 Evolat
660 3061 735 3122 ad
767 3063 1013 3142 Superos
1031 3105 1052 3137 ,
1093 3076 1372 3145 portaque
1405 3062 1600 3130 evadit
1633 3059 1864 3140 eburna.
