2278 3794
423 309 532 367 162
925 224 1487 363 AusoNf}

423 450 898 519 intemeratorum
925 450 1042 513 vim
1063 450 1464 513 continuamus
1486 447 1793 513 honorum.

423 559 629 619 Annua
651 573 783 617 cura
815 551 1006 626 samia,
1030 553 1181 630 jugis
1202 551 1519 613 reverentia
1547 551 1736 615 nobis,

425 656 644 735 Magne
660 640 820 733 pate'r
835 654 1143 726 rerum‚eui
1160 654 1391 724 term&
1413 668 1625 728 pontus
1654 654 1707 714 &
1722 656 1840 726 aer,

371 788 376 791 ·
427 758 794 830 Tartaraque,
818 757 870 817 &
889 754 1027 832 pisti
1044 752 1215 815 servit
1244 751 1407 831 plaga
1428 751 1609 815 laitea
1627 750 1799 815 coeli:

385 924 390 932 ,
430 857 626 923 Noxia
658 876 831 936 quem
878 854 1153 917 scelerum
1189 853 1389 933 plebes
1458 854 1687 928 tremit,
1732 850 2001 931 almaque.

823 955 1041 1019 rursum

431 1056 813 1128 concelebrat
829 1058 976 1119 voti&
994 1057 1309 1119 animarum
1330 1053 1493 1117 turba
1514 1054 1733 1132 piarum
1756 1074 1773 1118 z

430 1162 523 1224 Tu
546 1160 730 1220 brevis
762 1158 916 1220 hunc
956 1156 1304 1220 aevicursum
1324 1202 1345 1231 ‚
1386 1155 1746 1234 celeremque
1766 1157 1997 1221 caduca:

432 1262 637 1323 Finem
651 1262 851 1320 animae
870 1260 1049 1321 donas
1071 1276 1296 1320 aeternae
1322 1261 1555 1318 m'unere
1575 1256 1725 1335 vitaeq

433 1363 526 1427 Tu
549 1362 715 1423 mites
734 1362 923 1439 legum
945 1361 1220 1434 monitus),
1240 1354 1543 1436 sacrosque
1562 1358 1871 1436 Prophetas

432 1462 974 1541 Humanoimpertis
993 1462 1189 1540 generi
1217 1481 1232 1523 ι
1258 1459 1561 1538 servasque
1580 1473 1823 1537 nepotes
1837 1504 1858 1533 ‚

434 1565 757 1643 Deceptum
774 1562 1066 1628 miseratus
1086 1562 1305 1624 Adam:
1363 1579 1535 1647 quem
1569 1573 1735 1639 capta
1760 1564 1999 1627 venenis

437 1665 730 1742 Implicuit
747 1663 964 1727 socium
992 1662 1219 1724 blandis
1250 1662 1535 1733 erroribus
1562 1662 1700 1726 Eva.
1732 1714 1737 1719 .

437 1766 531 1831 Tu
547 1766 986 1841 Verbum,pater
999 1762 2001 1843 alme‚tuum,natumque,Deumqu'e
2093 1785 2100 1789 ·

440 1868 730 1932 Concedis
748 1866 906 1929 terris
926 1880 1114 1928 totum
1130 1910 1150 1939 ‚
1182 1864 1556 1940 fimilemque,
1592 1851 1899 1942 paremque
1915 1912 1936 1945 ‚

437 1972 525 2034 Ex
549 1990 683 2032 vero
700 1987 895 2030 verum
915 2012 934 2042 ‚
964 1969 1206 2043 vivaque
1231 1965 1301 2026 ab
1322 1961 1542 2040 origine
1556 1965 1769 2027 vivum.

438 2072 545 2133 lue
561 2072 674 2131 tuis
693 2072 896 2130 doetus
917 2068 1153 2129 monitis
1172 2068 1288 2130 hoc
1312 2066 1535 2128 addidit
1558 2085 1736 2127 unum
1758 2085 1775 2128 t

439 2173 521 2235 Ut
560 2170 724 2248 super
762 2187 1048 2244 aequoreas
1087 2170 1261 2240 nabat
1301 2169 1398 2245 qui
1441 2167 1666 2244 spiritus
1704 2168 1887 2230 undas
1912 2211 1934 2244 ,

356 2347 364 2358 .
441 2273 602 2349 Pigra
641 2269 951 2332 immortali
990 2286 1282 2348 vegetaret
1310 2271 1565 2330 membra
1589 2267 1837 2331 lavacro.

442 2374 619 2438 Trina
647 2371 829 2443 fides,
857 2373 1090 2444 auctore
1111 2390 1267 2443 uno,
1292 2369 1420 2447 spes
1450 2382 1602 2432 certa
1627 2368 1819 2432 salutis

442 2473 619 2537 Hunc·
639 2492 936 2534 numerum
971 2475 1183 2548 junctis
1208 2471 1513 2534 virtutibus
1532 2470 1925 2550 amplectenti

443 2574 589 2639 Tale
615 2577 669 2637 δι
692 2575 931 2636 terrenis
948 2573 1237 2651 specimen
1260 2571 1584 2648 speetatur
1568 2593 1626 2634 in
1648 2573 1782 2634 oris,

445 2675 722 2754 Augustus
745 2677 971 2754 genitor
991 2719 1010 2749 ,
1035 2675 1330 2752 geminum
1360 2672 1509 2735 sator
1534 2673 1929 2751 Augustorum.

445 2779 565 2856 Qui
587 2778 818 2840 fratrem
843 2821 863 2850 ,
893 2791 1201 2858 natumque
1224 2780 1323 2853 pio
1342 2774 1676 2852 complexus
1704 2789 2035 2853 utrumque.
2061 2789 2073 2798 ²

443 2881 700 2943 Numine
719 2924 737 2953 ,
765 2880 1000 2956 partitur
1023 2897 1283 2956 regnum,
1310 2865 1498 2953 neque
1520 2876 1726 2937 dividit
1747 2895 1925 2939 unum
1942 2919 1963 2952 ‚

449 2981 660 3041 Omnia
680 2979 830 3040 solus
849 2979 1090 3050 haben&
1113 2993 1285 3053 atque
1307 2980 1498 3039 omnia
1531 2977 1843 3055 dilargitus,

445 3081 570 3143 Hos
593 3081 760 3162 igitur
787 3068 955 3148 nobis
969 3079 1120 3141 trina
1144 3078 1358 3156 pietate
1378 3080 1640 3158 vigentes
1660 3122 1681 3152 ,
