<?xml version="1.0" encoding="UTF-8"?>
<!DOCTYPE html PUBLIC "-//W3C//DTD XHTML 1.0 Transitional//EN"
    "http://www.w3.org/TR/xhtml1/DTD/xhtml1-transitional.dtd">
<html xmlns="http://www.w3.org/1999/xhtml" xml:lang="en" lang="en">
 <head>
  <title>
</title>
<meta http-equiv="Content-Type" content="text/html;charset=utf-8" />
  <meta name='ocr-system' content='tesseract 3.04.00' />
  <meta name='ocr-capabilities' content='ocr_page ocr_carea ocr_par ocr_line ocrx_word'/>
</head>
<body>
  <div class='ocr_page' id='page_1' title='image "./operaexdoctorum00ausogoog_0299.png"; bbox 0 0 2278 3794; ppageno 0'>
   <div class='ocr_carea' id='block_1_1' title="bbox 541 292 1866 517">
    <p class='ocr_par' dir='ltr' id='par_1_1' title="bbox 541 292 1866 517">
     <span class='ocr_line' id='line_1_1' title="bbox 765 292 1866 379; baseline 0.002 -16"><span class='ocrx_word' id='word_1_1' title='bbox 765 292 1437 368; x_wconf 76' lang='lat' dir='ltr'><strong>EPIS&#39;I&#39;OLAE.</strong></span> <span class='ocrx_word' id='word_1_2' title='bbox 1756 316 1866 379; x_wconf 76' lang='lat'>297</span> 
     </span>
     <span class='ocr_line' id='line_1_2' title="bbox 541 448 1663 517; baseline -0.001 -2"><span class='ocrx_word' id='word_1_3' title='bbox 541 448 766 515; x_wconf 79' lang='lat' dir='ltr'>XXIV.</span> <span class='ocrx_word' id='word_1_4' title='bbox 845 454 1187 517; x_wconf 76' lang='lat' dir='ltr'>Ausomus</span> <span class='ocrx_word' id='word_1_5' title='bbox 1238 450 1541 515; x_wconf 67' lang='lat' dir='ltr'>Ptunmo</span> <span class='ocrx_word' id='word_1_6' title='bbox 1582 454 1663 517; x_wconf 84' lang='lat' dir='ltr'>S..</span> 
     </span>
    </p>
   </div>
   <div class='ocr_carea' id='block_1_2' title="bbox 299 592 1866 3214">
    <p class='ocr_par' dir='ltr' id='par_1_2' title="bbox 313 592 1866 1382">
     <span class='ocr_line' id='line_1_3' title="bbox 319 592 1837 677; baseline 0 -20"><span class='ocrx_word' id='word_1_7' title='bbox 319 592 690 671; x_wconf 82' lang='lat' dir='ltr'>Discutimus,</span> <span class='ocrx_word' id='word_1_8' title='bbox 713 596 962 670; x_wconf 82' lang='lat' dir='ltr'>Pauline,</span> <span class='ocrx_word' id='word_1_9' title='bbox 982 598 1203 677; x_wconf 84' lang='lat' dir='ltr'>jugum,</span> <span class='ocrx_word' id='word_1_10' title='bbox 1225 597 1380 674; x_wconf 85' lang='lat' dir='ltr'>quod</span> <span class='ocrx_word' id='word_1_11' title='bbox 1404 613 1557 659; x_wconf 84' lang='lat' dir='ltr'>certa</span> <span class='ocrx_word' id='word_1_12' title='bbox 1584 595 1837 659; x_wconf 81' lang='lat' dir='ltr'>fovebat·</span> 
     </span>
     <span class='ocr_line' id='line_1_4' title="bbox 316 694 1866 773; baseline 0.002 -16"><span class='ocrx_word' id='word_1_13' title='bbox 316 694 674 773; x_wconf 80' lang='lat' dir='ltr'>Temperies:</span> <span class='ocrx_word' id='word_1_14' title='bbox 696 694 824 758; x_wconf 86' lang='lat' dir='ltr'>leve</span> <span class='ocrx_word' id='word_1_15' title='bbox 843 697 998 772; x_wconf 89' lang='lat' dir='ltr'>quod</span> <span class='ocrx_word' id='word_1_16' title='bbox 1018 695 1200 773; x_wconf 83' lang='lat' dir='ltr'>pofitu</span> <span class='ocrx_word' id='word_1_17' title='bbox 1216 700 1299 770; x_wconf 69' lang='grc' dir='ltr'>,ἃ</span> <span class='ocrx_word' id='word_1_18' title='bbox 1320 696 1615 758; x_wconf 79' lang='lat' dir='ltr'>tolerabile</span> <span class='ocrx_word' id='word_1_19' title='bbox 1634 698 1866 773; x_wconf 65' lang='lat' dir='ltr'>junetiS,</span> 
     </span>
     <span class='ocr_line' id='line_1_5' title="bbox 319 795 1852 889; baseline 0.003 -34"><span class='ocrx_word' id='word_1_20' title='bbox 319 795 626 863; x_wconf 56' lang='lat' dir='ltr'>Tractabat</span> <span class='ocrx_word' id='word_1_21' title='bbox 647 797 872 875; x_wconf 86' lang='lat' dir='ltr'>paribus</span> <span class='ocrx_word' id='word_1_22' title='bbox 889 798 1197 859; x_wconf 88' lang='lat' dir='ltr'>concordia</span> <span class='ocrx_word' id='word_1_23' title='bbox 1214 798 1370 859; x_wconf 77' lang='lat' dir='ltr'>&#39;mitis</span> <span class='ocrx_word' id='word_1_24' title='bbox 1394 798 1631 858; x_wconf 77' lang='lat' dir='ltr'>habenis</span> <span class='ocrx_word' id='word_1_25' title='bbox 1649 818 1673 869; x_wconf 68' lang='grc' dir='ltr'>ε,</span> <span class='ocrx_word' id='word_1_26' title='bbox 1842 878 1852 889; x_wconf 44' lang='grc'><em>“</em></span> 
     </span>
     <span class='ocr_line' id='line_1_6' title="bbox 319 896 1791 975; baseline 0.002 -18"><span class='ocrx_word' id='word_1_27' title='bbox 319 898 496 973; x_wconf 81' lang='lat' dir='ltr'>Quod</span> <span class='ocrx_word' id='word_1_28' title='bbox 515 916 618 973; x_wconf 88' lang='lat' dir='ltr'>per</span> <span class='ocrx_word' id='word_1_29' title='bbox 635 911 751 960; x_wconf 81' lang='lat' dir='ltr'>tam</span> <span class='ocrx_word' id='word_1_30' title='bbox 773 898 1000 975; x_wconf 87' lang='lat' dir='ltr'>longam</span> <span class='ocrx_word' id='word_1_31' title='bbox 1026 896 1227 960; x_wconf 86' lang='lat' dir='ltr'>seriem</span> <span class='ocrx_word' id='word_1_32' title='bbox 1250 898 1611 961; x_wconf 82' lang='lat' dir='ltr'>volventibus</span> <span class='ocrx_word' id='word_1_33' title='bbox 1629 899 1791 960; x_wconf 75' lang='lat' dir='ltr'>annis</span> 
     </span>
     <span class='ocr_line' id='line_1_7' title="bbox 313 996 1864 1077; baseline 0 -16"><span class='ocrx_word' id='word_1_34' title='bbox 313 996 526 1061; x_wconf 85' lang='lat' dir='ltr'>Fabula</span> <span class='ocrx_word' id='word_1_35' title='bbox 544 1018 660 1060; x_wconf 85' lang='lat' dir='ltr'>non</span> <span class='ocrx_word' id='word_1_36' title='bbox 677 1018 944 1076; x_wconf 80' lang='lat' dir='ltr'>unquam,</span> <span class='ocrx_word' id='word_1_37' title='bbox 964 1018 1275 1076; x_wconf 83' lang='lat' dir='ltr'>numquam</span> <span class='ocrx_word' id='word_1_38' title='bbox 1290 999 1643 1077; x_wconf 86' lang='lat' dir='ltr'>querimonia</span> <span class='ocrx_word' id='word_1_39' title='bbox 1660 1001 1864 1075; x_wconf 69' lang='lat' dir='ltr'>movit,</span> 
     </span>
     <span class='ocr_line' id='line_1_8' title="bbox 317 1094 1849 1188; baseline 0 -27"><span class='ocrx_word' id='word_1_40' title='bbox 317 1094 489 1161; x_wconf 87' lang='lat' dir='ltr'>Nulla</span> <span class='ocrx_word' id='word_1_41' title='bbox 508 1100 735 1175; x_wconf 86' lang='lat' dir='ltr'>querela</span> <span class='ocrx_word' id='word_1_42' title='bbox 753 1099 886 1162; x_wconf 87' lang='lat' dir='ltr'>loco</span> <span class='ocrx_word' id='word_1_43' title='bbox 909 1098 1159 1178; x_wconf 84' lang='lat' dir='ltr'>pepulit,</span> <span class='ocrx_word' id='word_1_44' title='bbox 1194 1102 1435 1173; x_wconf 78' lang='lat' dir='ltr'>nonita,</span> <span class='ocrx_word' id='word_1_45' title='bbox 1461 1120 1571 1163; x_wconf 81' lang='lat' dir='ltr'>neo</span> <span class='ocrx_word' id='word_1_46' title='bbox 1594 1119 1749 1163; x_wconf 90' lang='lat' dir='ltr'>error</span> <span class='ocrx_word' id='word_1_47' title='bbox 1766 1143 1787 1176; x_wconf 88' lang='lat'><strong>‚</strong></span> <span class='ocrx_word' id='word_1_48' title='bbox 1836 1176 1849 1188; x_wconf 30' lang='grc' dir='ltr'>ν</span> 
     </span>
     <span class='ocr_line' id='line_1_9' title="bbox 317 1199 1760 1279; baseline 0.002 -18"><span class='ocrx_word' id='word_1_49' title='bbox 317 1199 445 1261; x_wconf 87' lang='lat' dir='ltr'>Nec</span> <span class='ocrx_word' id='word_1_50' title='bbox 472 1220 594 1277; x_wconf 87' lang='lat' dir='ltr'>quae</span> <span class='ocrx_word' id='word_1_51' title='bbox 617 1201 942 1279; x_wconf 84' lang='lat' dir='ltr'>compofitis</span> <span class='ocrx_word' id='word_1_52' title='bbox 963 1200 1298 1265; x_wconf 69' lang='lat' dir='ltr'>malesuadae</span> <span class='ocrx_word' id='word_1_53' title='bbox 1313 1201 1544 1265; x_wconf 84' lang='lat' dir='ltr'>credula</span> <span class='ocrx_word' id='word_1_54' title='bbox 1563 1201 1760 1277; x_wconf 75' lang='lat' dir='ltr'>caufi8,</span> 
     </span>
     <span class='ocr_line' id='line_1_10' title="bbox 314 1302 1470 1382; baseline 0.003 -21"><span class='ocrx_word' id='word_1_55' title='bbox 314 1302 636 1365; x_wconf 81' lang='lat' dir='ltr'>Concinnat</span> <span class='ocrx_word' id='word_1_56' title='bbox 653 1302 965 1365; x_wconf 79' lang='lat' dir='ltr'>verilirnilis</span> <span class='ocrx_word' id='word_1_57' title='bbox 991 1302 1235 1381; x_wconf 82' lang='lat' dir='ltr'>suspicio</span> <span class='ocrx_word' id='word_1_58' title='bbox 1255 1304 1470 1382; x_wconf 77' lang='lat' dir='ltr'>culpas·</span> 
     </span>
    </p>

    <p class='ocr_par' dir='ltr' id='par_1_3' title="bbox 314 1400 1865 1483">
     <span class='ocr_line' id='line_1_11' title="bbox 314 1400 1865 1483; baseline 0.001 -20"><span class='ocrx_word' id='word_1_59' title='bbox 314 1400 458 1465; x_wconf 84' lang='lat' dir='ltr'>Tam</span> <span class='ocrx_word' id='word_1_60' title='bbox 490 1402 817 1482; x_wconf 88' lang='lat' dir='ltr'>placidum,</span> <span class='ocrx_word' id='word_1_61' title='bbox 866 1419 984 1466; x_wconf 84' lang='lat' dir='ltr'>tam</span> <span class='ocrx_word' id='word_1_62' title='bbox 1007 1406 1147 1467; x_wconf 88' lang='lat' dir='ltr'>mite</span> <span class='ocrx_word' id='word_1_63' title='bbox 1172 1407 1407 1483; x_wconf 84' lang='lat' dir='ltr'>jugum:</span> <span class='ocrx_word' id='word_1_64' title='bbox 1450 1404 1606 1482; x_wconf 84' lang='lat' dir='ltr'>quod</span> <span class='ocrx_word' id='word_1_65' title='bbox 1636 1404 1865 1483; x_wconf 86' lang='lat' dir='ltr'>utrique</span> 
     </span>
    </p>

    <p class='ocr_par' dir='ltr' id='par_1_4' title="bbox 701 1486 1849 1583">
     <span class='ocr_line' id='line_1_12' title="bbox 701 1486 1849 1583; baseline -0.006 -17"><span class='ocrx_word' id='word_1_66' title='bbox 701 1520 966 1583; x_wconf 85' lang='lat' dir='ltr'>parentes</span> <span class='ocrx_word' id='word_1_67' title='bbox 1842 1486 1849 1497; x_wconf 74' lang='grc'>’</span> 
     </span>
    </p>

    <p class='ocr_par' dir='ltr' id='par_1_5' title="bbox 309 1602 1702 1884">
     <span class='ocr_line' id='line_1_13' title="bbox 309 1602 1664 1685; baseline 0.004 -21"><span class='ocrx_word' id='word_1_68' title='bbox 309 1603 399 1665; x_wconf 87' lang='lat' dir='ltr'>Ad</span> <span class='ocrx_word' id='word_1_69' title='bbox 416 1602 633 1666; x_wconf 84' lang='lat' dir='ltr'>senium</span> <span class='ocrx_word' id='word_1_70' title='bbox 655 1606 905 1668; x_wconf 84' lang='lat' dir='ltr'>nostrum</span> <span class='ocrx_word' id='word_1_71' title='bbox 922 1620 1146 1669; x_wconf 78' lang='lat' dir='ltr'>traxere</span> <span class='ocrx_word' id='word_1_72' title='bbox 1159 1605 1231 1669; x_wconf 87' lang='lat' dir='ltr'>ab</span> <span class='ocrx_word' id='word_1_73' title='bbox 1254 1606 1471 1685; x_wconf 88' lang='lat' dir='ltr'>origine</span> <span class='ocrx_word' id='word_1_74' title='bbox 1496 1607 1664 1669; x_wconf 86' lang='lat' dir='ltr'>vitae:</span> 
     </span>
     <span class='ocr_line' id='line_1_14' title="bbox 309 1702 1702 1786; baseline 0.003 -21"><span class='ocrx_word' id='word_1_75' title='bbox 309 1702 754 1786; x_wconf 73' lang='lat' dir='ltr'>impositumque</span> <span class='ocrx_word' id='word_1_76' title='bbox 772 1707 878 1784; x_wconf 84' lang='lat' dir='ltr'>piis</span> <span class='ocrx_word' id='word_1_77' title='bbox 893 1707 1200 1768; x_wconf 86' lang='lat' dir='ltr'>heredibus</span> <span class='ocrx_word' id='word_1_78' title='bbox 1218 1746 1237 1775; x_wconf 90' lang='lat'>,</span> <span class='ocrx_word' id='word_1_79' title='bbox 1267 1726 1446 1785; x_wconf 87' lang='lat' dir='ltr'>usque</span> <span class='ocrx_word' id='word_1_80' title='bbox 1474 1724 1702 1769; x_wconf 83' lang='lat' dir='ltr'>manere</span> 
     </span>
     <span class='ocr_line' id='line_1_15' title="bbox 312 1804 1699 1884; baseline 0.001 -19"><span class='ocrx_word' id='word_1_81' title='bbox 312 1804 621 1879; x_wconf 86' lang='lat' dir='ltr'>Optarunt,</span> <span class='ocrx_word' id='word_1_82' title='bbox 648 1807 785 1865; x_wconf 90' lang='lat' dir='ltr'>dum</span> <span class='ocrx_word' id='word_1_83' title='bbox 809 1805 979 1884; x_wconf 87' lang='lat' dir='ltr'>longa</span> <span class='ocrx_word' id='word_1_84' title='bbox 1004 1807 1126 1867; x_wconf 81' lang='lat' dir='ltr'>dies</span> <span class='ocrx_word' id='word_1_85' title='bbox 1154 1806 1478 1869; x_wconf 70' lang='lat' dir='ltr'>dissolveret</span> <span class='ocrx_word' id='word_1_86' title='bbox 1496 1826 1699 1874; x_wconf 71' lang='lat' dir='ltr'>aevum.</span> 
     </span>
    </p>

    <p class='ocr_par' dir='ltr' id='par_1_6' title="bbox 305 1907 1661 2179">
     <span class='ocr_line' id='line_1_16' title="bbox 313 1907 1661 1984; baseline 0.001 -16"><span class='ocrx_word' id='word_1_87' title='bbox 313 1907 394 1981; x_wconf 61' lang='lat' dir='ltr'>Et&gt;</span> <span class='ocrx_word' id='word_1_88' title='bbox 417 1907 638 1982; x_wconf 82' lang='lat' dir='ltr'>mansit,</span> <span class='ocrx_word' id='word_1_89' title='bbox 669 1908 804 1970; x_wconf 89' lang='lat' dir='ltr'>dum</span> <span class='ocrx_word' id='word_1_90' title='bbox 830 1907 955 1970; x_wconf 85' lang='lat' dir='ltr'>laeta</span> <span class='ocrx_word' id='word_1_91' title='bbox 974 1909 1142 1984; x_wconf 67' lang='lat' dir='ltr'>fides,</span> <span class='ocrx_word' id='word_1_92' title='bbox 1165 1928 1275 1971; x_wconf 79' lang='lat' dir='ltr'>nec</span> <span class='ocrx_word' id='word_1_93' title='bbox 1291 1927 1423 1972; x_wconf 85' lang='lat' dir='ltr'>cura</span> <span class='ocrx_word' id='word_1_94' title='bbox 1442 1907 1661 1970; x_wconf 78' lang='lat' dir='ltr'>laborat</span> 
     </span>
     <span class='ocr_line' id='line_1_17' title="bbox 312 2005 1573 2087; baseline 0 -17"><span class='ocrx_word' id='word_1_95' title='bbox 312 2005 507 2070; x_wconf 86' lang='lat' dir='ltr'>Officii</span> <span class='ocrx_word' id='word_1_96' title='bbox 527 2007 744 2070; x_wconf 80' lang='lat' dir='ltr'>servare</span> <span class='ocrx_word' id='word_1_97' title='bbox 761 2010 945 2073; x_wconf 84' lang='lat' dir='ltr'>vices:</span> <span class='ocrx_word' id='word_1_98' title='bbox 972 2009 1070 2071; x_wconf 88' lang='lat' dir='ltr'>sed</span> <span class='ocrx_word' id='word_1_99' title='bbox 1093 2009 1298 2087; x_wconf 90' lang='lat' dir='ltr'>sponte</span> <span class='ocrx_word' id='word_1_100' title='bbox 1315 2010 1573 2072; x_wconf 86' lang='lat' dir='ltr'>feruntur</span> 
     </span>
     <span class='ocr_line' id='line_1_18' title="bbox 305 2109 1611 2179; baseline -0.003 -7"><span class='ocrx_word' id='word_1_101' title='bbox 305 2109 720 2173; x_wconf 86' lang='lat' dir='ltr'>Incustoditum</span> <span class='ocrx_word' id='word_1_102' title='bbox 748 2110 847 2173; x_wconf 85' lang='lat' dir='ltr'>fibi</span> <span class='ocrx_word' id='word_1_103' title='bbox 867 2111 1264 2175; x_wconf 82' lang='lat' dir='ltr'>continuantia</span> <span class='ocrx_word' id='word_1_104' title='bbox 1287 2111 1553 2179; x_wconf 80' lang='lat' dir='ltr'>cursum..</span> <span class='ocrx_word' id='word_1_105' title='bbox 1604 2127 1611 2130; x_wconf 92' lang='lat'>·</span> 
     </span>
    </p>

    <p class='ocr_par' dir='ltr' id='par_1_7' title="bbox 299 2209 1849 3214">
     <span class='ocr_line' id='line_1_19' title="bbox 305 2209 1807 2300; baseline 0.004 -29"><span class='ocrx_word' id='word_1_106' title='bbox 305 2209 442 2300; x_wconf 79' lang='lat' dir='ltr'>‘Hoc</span> <span class='ocrx_word' id='word_1_107' title='bbox 465 2224 582 2273; x_wconf 87' lang='lat' dir='ltr'>tam</span> <span class='ocrx_word' id='word_1_108' title='bbox 606 2213 746 2274; x_wconf 87' lang='lat' dir='ltr'>mite</span> <span class='ocrx_word' id='word_1_109' title='bbox 763 2215 958 2292; x_wconf 85' lang='lat' dir='ltr'>jugum</span> <span class='ocrx_word' id='word_1_110' title='bbox 983 2213 1163 2276; x_wconf 84' lang='lat' dir='ltr'>docili</span> <span class='ocrx_word' id='word_1_111' title='bbox 1187 2213 1411 2276; x_wconf 83' lang='lat' dir='ltr'>cervice</span> <span class='ocrx_word' id='word_1_112' title='bbox 1430 2211 1682 2277; x_wconf 87' lang='lat' dir='ltr'>subirent</span> <span class='ocrx_word' id='word_1_113' title='bbox 1802 2291 1807 2296; x_wconf 23' lang='lat'>⁸</span> 
     </span>
     <span class='ocr_line' id='line_1_20' title="bbox 307 2311 1811 2393; baseline 0.004 -19"><span class='ocrx_word' id='word_1_114' title='bbox 307 2311 511 2374; x_wconf 83' lang='lat' dir='ltr'>Martis</span> <span class='ocrx_word' id='word_1_115' title='bbox 532 2313 684 2392; x_wconf 87' lang='lat' dir='ltr'>equi,</span> <span class='ocrx_word' id='word_1_116' title='bbox 709 2313 1041 2393; x_wconf 86' lang='lat' dir='ltr'>stabuloque</span> <span class='ocrx_word' id='word_1_117' title='bbox 1065 2315 1176 2378; x_wconf 84' lang='lat' dir='ltr'>feri</span> <span class='ocrx_word' id='word_1_118' title='bbox 1194 2315 1499 2379; x_wconf 81' lang='lat' dir='ltr'>Diomedis</span> <span class='ocrx_word' id='word_1_119' title='bbox 1520 2315 1704 2380; x_wconf 73' lang='lat' dir='ltr'>abacti</span> <span class='ocrx_word' id='word_1_120' title='bbox 1722 2317 1747 2379; x_wconf 72' lang='grc' dir='ltr'>ε’</span> <span class='ocrx_word' id='word_1_121' title='bbox 1804 2339 1811 2350; x_wconf 89' lang='grc'><em>·</em></span> 
     </span>
     <span class='ocr_line' id='line_1_21' title="bbox 305 2413 1849 2502; baseline 0.005 -28"><span class='ocrx_word' id='word_1_122' title='bbox 305 2413 379 2475; x_wconf 88' lang='lat' dir='ltr'>Et</span> <span class='ocrx_word' id='word_1_123' title='bbox 399 2413 496 2491; x_wconf 85' lang='lat' dir='ltr'>qui</span> <span class='ocrx_word' id='word_1_124' title='bbox 522 2415 750 2477; x_wconf 84' lang='lat' dir='ltr'>mutatis</span> <span class='ocrx_word' id='word_1_125' title='bbox 763 2415 946 2502; x_wconf 75' lang='lat' dir='ltr'>ignoti</span> <span class='ocrx_word' id='word_1_126' title='bbox 967 2415 1116 2479; x_wconf 86' lang='lat' dir='ltr'>Solis</span> <span class='ocrx_word' id='word_1_127' title='bbox 1137 2415 1376 2480; x_wconf 78' lang='lat' dir='ltr'>habenis</span> <span class='ocrx_word' id='word_1_128' title='bbox 1472 2439 1479 2449; x_wconf 89' lang='lat'><strong>·</strong></span> <span class='ocrx_word' id='word_1_129' title='bbox 1842 2439 1849 2448; x_wconf 86' lang='lat'><strong>·</strong></span> 
     </span>
     <span class='ocr_line' id='line_1_22' title="bbox 305 2511 1741 2598; baseline 0.001 -21"><span class='ocrx_word' id='word_1_130' title='bbox 305 2513 666 2577; x_wconf 87' lang='lat' dir='ltr'>Fulmineum</span> <span class='ocrx_word' id='word_1_131' title='bbox 681 2511 1038 2598; x_wconf 58' lang='lat' dir='ltr'>Phaethonta</span> <span class='ocrx_word' id='word_1_132' title='bbox 1061 2517 1218 2580; x_wconf 80' lang='lat' dir='ltr'>Pado</span> <span class='ocrx_word' id='word_1_133' title='bbox 1240 2517 1483 2580; x_wconf 80' lang='lat' dir='ltr'>mersere</span> <span class='ocrx_word' id='word_1_134' title='bbox 1501 2517 1741 2595; x_wconf 77' lang='lat' dir='ltr'>jugales.</span> 
     </span>
     <span class='ocr_line' id='line_1_23' title="bbox 309 2613 1731 2694; baseline -0.001 -16"><span class='ocrx_word' id='word_1_135' title='bbox 309 2613 656 2678; x_wconf 80' lang='lat' dir='ltr'>Discutimus</span> <span class='ocrx_word' id='word_1_136' title='bbox 680 2615 913 2678; x_wconf 87' lang='lat' dir='ltr'>Pauline</span> <span class='ocrx_word' id='word_1_137' title='bbox 932 2627 1146 2680; x_wconf 80' lang='lat' dir='ltr'>tamen:</span> <span class='ocrx_word' id='word_1_138' title='bbox 1170 2637 1281 2681; x_wconf 85' lang='lat' dir='ltr'>nec</span> <span class='ocrx_word' id='word_1_139' title='bbox 1302 2618 1465 2694; x_wconf 83' lang='lat' dir='ltr'>culpa</span> <span class='ocrx_word' id='word_1_140' title='bbox 1488 2619 1731 2678; x_wconf 83' lang='lat' dir='ltr'>duorum</span> 
     </span>
     <span class='ocr_line' id='line_1_24' title="bbox 306 2713 1819 2796; baseline 0.001 -20"><span class='ocrx_word' id='word_1_141' title='bbox 306 2713 435 2789; x_wconf 82' lang='lat' dir='ltr'>Ista,</span> <span class='ocrx_word' id='word_1_142' title='bbox 459 2715 557 2777; x_wconf 87' lang='lat' dir='ltr'>sed</span> <span class='ocrx_word' id='word_1_143' title='bbox 577 2717 742 2778; x_wconf 79' lang='lat' dir='ltr'>unius</span> <span class='ocrx_word' id='word_1_144' title='bbox 768 2729 990 2778; x_wconf 87' lang='lat' dir='ltr'>tantum</span> <span class='ocrx_word' id='word_1_145' title='bbox 1017 2730 1129 2779; x_wconf 88' lang='lat' dir='ltr'>tua.</span> <span class='ocrx_word' id='word_1_146' title='bbox 1182 2719 1449 2795; x_wconf 85' lang='lat' dir='ltr'>Namque</span> <span class='ocrx_word' id='word_1_147' title='bbox 1464 2737 1578 2796; x_wconf 74' lang='lat' dir='ltr'>ego</span> <span class='ocrx_word' id='word_1_148' title='bbox 1598 2716 1819 2794; x_wconf 87' lang='lat' dir='ltr'>semper</span> 
     </span>
     <span class='ocr_line' id='line_1_25' title="bbox 309 2791 1673 2880; baseline 0.002 -5"><span class='ocrx_word' id='word_1_149' title='bbox 309 2791 595 2878; x_wconf 72' lang='lat' dir='ltr'>Contenta</span> <span class='ocrx_word' id='word_1_150' title='bbox 616 2818 842 2880; x_wconf 85' lang='lat' dir='ltr'>cervice</span> <span class='ocrx_word' id='word_1_151' title='bbox 859 2815 1058 2880; x_wconf 85' lang='lat' dir='ltr'>feram.</span> <span class='ocrx_word' id='word_1_152' title='bbox 1103 2817 1383 2880; x_wconf 86' lang='lat' dir='ltr'>Consorte</span> <span class='ocrx_word' id='word_1_153' title='bbox 1412 2817 1673 2879; x_wconf 83' lang='lat' dir='ltr'>laborum</span> 
     </span>
     <span class='ocr_line' id='line_1_26' title="bbox 308 2914 1711 2996; baseline 0 -18"><span class='ocrx_word' id='word_1_154' title='bbox 308 2914 614 2982; x_wconf 83' lang='lat' dir='ltr'>Destituor.</span> <span class='ocrx_word' id='word_1_155' title='bbox 631 2917 761 2982; x_wconf 83' lang='lat' dir='ltr'>Neo</span> <span class='ocrx_word' id='word_1_156' title='bbox 773 2930 888 2979; x_wconf 86' lang='lat' dir='ltr'>tam</span> <span class='ocrx_word' id='word_1_157' title='bbox 907 2932 1235 2996; x_wconf 86' lang='lat' dir='ltr'>promptum</span> <span class='ocrx_word' id='word_1_158' title='bbox 1250 2917 1461 2996; x_wconf 81' lang='lat' dir='ltr'>gestata</span> <span class='ocrx_word' id='word_1_159' title='bbox 1487 2917 1711 2980; x_wconf 80' lang='lat' dir='ltr'>duobus</span> 
     </span>
     <span class='ocr_line' id='line_1_27' title="bbox 299 3003 1811 3097; baseline 0.003 -18"><span class='ocrx_word' id='word_1_160' title='bbox 299 3015 490 3079; x_wconf 89' lang='lat' dir='ltr'>Unum</span> <span class='ocrx_word' id='word_1_161' title='bbox 517 3017 818 3080; x_wconf 86' lang='lat' dir='ltr'>deficiente</span> <span class='ocrx_word' id='word_1_162' title='bbox 836 3017 958 3096; x_wconf 86' lang='lat' dir='ltr'>pari</span> <span class='ocrx_word' id='word_1_163' title='bbox 975 3019 1225 3097; x_wconf 86' lang='lat' dir='ltr'>perferre</span> <span class='ocrx_word' id='word_1_164' title='bbox 1245 3019 1514 3082; x_wconf 83' lang='lat' dir='ltr'>sodalem.</span> <span class='ocrx_word' id='word_1_165' title='bbox 1804 3003 1811 3011; x_wconf 56' lang='grc'><strong>’</strong></span> 
     </span>
     <span class='ocr_line' id='line_1_28' title="bbox 303 3117 1829 3214; baseline 0.001 -34"><span class='ocrx_word' id='word_1_166' title='bbox 303 3117 443 3180; x_wconf 87' lang='lat' dir='ltr'>Non</span> <span class='ocrx_word' id='word_1_167' title='bbox 457 3119 696 3194; x_wconf 86' lang='lat' dir='ltr'>animus,</span> <span class='ocrx_word' id='word_1_168' title='bbox 727 3121 987 3200; x_wconf 83' lang='lat' dir='ltr'>viresque</span> <span class='ocrx_word' id='word_1_169' title='bbox 1002 3118 1231 3207; x_wconf 47' lang='lat' dir='ltr'>labante</span> <span class='ocrx_word' id='word_1_170' title='bbox 1248 3119 1347 3184; x_wconf 87' lang='lat' dir='ltr'>sed</span> <span class='ocrx_word' id='word_1_171' title='bbox 1366 3122 1555 3203; x_wconf 85' lang='lat' dir='ltr'>iniqua</span> <span class='ocrx_word' id='word_1_172' title='bbox 1574 3119 1829 3214; x_wconf 37' lang='lat' dir='ltr'>ferendo·</span> 
     </span>
    </p>
   </div>
  </div>
 </body>
</html>
