2278 3794
762 282 1384 421 ,tartara
1765 330 1882 395 ιη

402 464 497 529 De
517 459 727 526 Hunis
767 461 1156 543 monosyvabis
1204 468 1414 529 Grecis
1447 486 1518 529 ae
1551 464 1802 535 Latinis.

378 584 537 671 ⁸Dux
575 606 993 671 elementorum
1023 610 1221 673 studiis
1247 612 1402 690 viget
1436 612 1498 673 in
1526 612 1698 676 Latiis
1813 618 1886 686 A.

326 706 404 771 Et
416 708 674 787 suprema
710 711 865 773 notis
891 710 1224 775 adscribitur
1243 711 1541 793 Argolicis.
1808 725 1900 783 ss:

327 808 447 919 Hta
484 812 641 889 quod
686 812 979 877 AEoiidum
1005 858 1026 889 ,
1062 816 1333 893 quodque
1371 839 1394 876 ι
1429 813 1581 879 valet
1636 815 1752 879 hoc
1782 817 1890 881 La·
1968 865 1974 875 ,

520 912 655 975 tiale
1837 918 1888 984 E

332 990 703 1091 Praestoquod
716 1031 757 1077 Β
770 1015 992 1078 Latium
1010 1010 1234 1093 se'mper
1252 1014 1664 1085 breve,Dorica
1681 1038 1798 1082 vox
1810 1006 1886 1088 E.
1997 1063 2005 1073 ·

332 1112 469 1177 Hoc
489 1117 651 1177 tereti
675 1131 986 1195 argutoque
1008 1116 1150 1179 sono
1183 1132 1353 1196 negat
1367 1119 1555 1182 Attica
1585 1126 1728 1197 'gens
1828 1122 1889 1189 ai.

334 1222 393 1277 Ω
410 1218 565 1291 quod
583 1220 643 1279 &.
655 1218 710 1279 O
728 1218 988 1281 Graecum
1011 1217 1346 1297 compensat
1361 1218 1606 1283 Romula
1623 1240 1738 1284 vox
1811 1223 1892 1287 Ο.

331 1314 524 1379 Litera
556 1317 677 1381 sum
701 1320 841 1381 lotae
856 1319 1051 1381 fimilis
1070 1364 1089 1393 ‚
1130 1339 1246 1381 vox
1269 1320 1437 1399 plena
1453 1321 1662 1398 jubens
1678 1366 1698 1399 ,
1837 1324 1890 1390 I.

196 1494 215 1507 „
334 1418 633 1497 Cecropiis
654 1422 849 1503 ignota
880 1421 1031 1483 notis
1052 1465 1071 1496 ,
1110 1420 1286 1483 ferale
1309 1421 1514 1484 sonans
1813 1424 1890 1509 V.

330 1516 666 1599 Pythagorae
688 1521 901 1585 bivium
918 1524 1087 1584 ramis
1105 1535 1276 1601 pateo
1295 1524 1592 1602 ambiguis.
1818 1526 1888 1592 Y.

329 1620 586 1684 Vocibus
602 1623 661 1683 in
680 1625 862 1699 Graiis
883 1632 1176 1703 nunquam
1197 1623 1398 1687 ultima
1420 1623 1744 1704 conspicior
1794 1625 1890 1692 M.

326 1718 479 1787 'Zeta
496 1725 691 1799 jacens
712 1769 731 1799 ,
773 1725 811 1786 fi
829 1724 1036 1803 surgat,
1078 1726 1187 1787 erit
1212 1739 1370 1793 nota,
1414 1744 1538 1803 quae
1560 1725 1768 1805 legitur
1805 1728 1887 1791 N.

332 1822 695 1906 Maeandrum
715 1870 731 1899 ‚
776 1826 1075 1904 flexusque
1096 1845 1271 1904 vagos
1296 1826 1514 1888 imitata
1536 1846 1710 1906 vagor
1837 1828 1892 1901 ξ,

332 1923 649 2022 Ῑξὶνίἀυιιω
672 1927 825 1990 Betae
850 1922 1287 2007 monbsyllabon
1324 1927 1586 1990 Italicum
1823 1929 1895 2000 B.

333 2025 476 2092 Non
499 2030 829 2102 formam‚at
842 2049 1045 2093 vocem
1068 2028 1254 2093 Deltae
1273 2049 1413 2107 gero
1429 2027 1776 2094 Romuleum
1815 2032 1896 2100 D.

332 2123 569 2195 Hostilis
587 2149 708 2208 quae
732 2131 917 2194 forma
939 2132 1062 2211 jugi
1081 2130 1162 2193 est
1179 2175 1195 2204 ,
1244 2129 1393 2193 hanc
1417 2131 1630 2194 efficiet
1815 2144 1894 2199 11.

332 2230 647 2298 Ausonium
675 2232 713 2295 fi
746 2234 785 2296 P
801 2233 1011 2297 scribas
1029 2277 1047 2305 ,
1089 2233 1555 2320 erq.G‘ccropium
1829 2235 1892 2298 P.

336 2333 411 2398 Et
428 2331 558 2396 Rho
575 2337 729 2411 quod
750 2335 1011 2398 Graecum
1033 2335 1343 2398 mutabitur
1369 2336 1424 2395 in
1444 2333 1668 2398 Latium
1831 2336 1873 2400 P

330 2433 528 2500 Malus
547 2448 609 2497 ut
624 2450 931 2498 antennam
950 2435 1062 2498 fert
1075 2436 1292 2500 vertice
1309 2481 1327 2507 ‚
1371 2435 1446 2498 fic
1479 2456 1589 2516 ego
1606 2435 1730 2500 sum
1819 2435 1898 2505 Τ.

336 2537 582 2614 Spiritus
600 2537 695 2598 hic
713 2580 732 2611 ‚
774 2537 910 2598 flatu
931 2537 1252 2615 tenuiffima
1275 2537 1570 2600 vivificans
1815 2537 1897 2602 H.

338 2633 482 2703 Haec
497 2637 675 2700 tribus
690 2637 747 2697 in
769 2638 933 2700 Latio
949 2646 1170 2701 tantum
1195 2638 1389 2700 addita
1411 2637 1754 2700 nominibus.
1812 2637 1898 2701 K.

336 2735 635 2803 Praevaluit
651 2737 947 2815 postquam
964 2739 1219 2800 Gammae
1241 2739 1368 2800 vice
1385 2737 1582 2800 functa
1615 2738 1770 2816 prius
1829 2739 1897 2802 C.

340 2842 527 2913 Atque
550 2837 718 2900 aliam
736 2837 915 2916 prose
934 2839 1101 2900 titulo
1122 2838 1398 2917 replicata
1427 2839 1593 2900 dedit
1817 2840 1896 2919 Q.

265 2929 272 2936 ’
337 2937 498 3001 Δηῐὶε
520 2940 705 3001 cineta
730 2939 951 3002 duabus
975 2940 1083 3003 erit
1109 2959 1284 3018 quum
1301 2939 1426 3002 Iota
1443 2937 1660 3018 „leges
1819 2949 1898 3006 Θ.

338 3034 407 3103 In
428 3039 587 3102 Latio
610 3059 876 3102 numerus
892 3041 1156 3104 denarius
1175 3085 1195 3116 ,
1235 3039 1563 3120 Argolicum
1813 3043 1901 3108 X.

1831 3153 1900 3209 ‘1¹'-

336 3133 667 3240 HaecGGruis
696 3141 911 3224 effigies
932 3141 1290 3208 Palamedica
1311 3143 1620 3224 porrigitur
