2278 3794
821 304 1408 391 anYLL1Q
1741 313 1875 389 ‘ar

318 440 533 527 'Alveria
574 458 853 525 extendet
893 461 1136 540 geminis
1173 461 1416 524 divortia
1455 440 1631 542 ripis}

330 564 793 641 communesque
810 563 929 624 vias
951 561 1170 625 diversa
1185 582 1288 641 per
1305 564 1439 625 ostia
1456 564 1681 627 fundet.

323 666 625 731 Accedent
650 665 817 738 vires,
836 683 971 741 quas
992 662 1252 738 Francia,
1273 684 1524 746 quasque
1539 667 1882 742 Chamaves,

328 766 713 843 Germanique
729 780 992 826 tremant:
1025 777 1164 827 tunc
1181 784 1348 828 verus
1364 764 1650 827 habebere
1668 765 1848 833 limes.

326 866 584 933 Accedet
603 880 765 927 tanto
784 867 1076 945 geminum
1098 866 1204 927 tibi
1225 885 1436 928 nomen
1459 866 1532 928 ab
1551 868 1720 929 amni.

330 968 641 1046 Quumque
656 986 802 1029 unua
824 968 897 1028 de
920 966 1083 1029 fonte
1110 967 1253 1029 fluas
1273 1010 1293 1042 ‚
1321 968 1512 1032 dicere
1539 968 1804 1033 bicornia.

409 1112 548 1173 Haec
568 1132 697 1189 ego²
732 1112 1027 1179 VIVISCA
1051 1114 1268 1199 ducens
1282 1111 1354 1176 ab
1382 1113 1599 1190 origine
1617 1125 1884 1191 gentem,

294 1280 299 1286 ,
333 1212 633 1290 Belgarum
653 1215 909 1291 hospitiis
929 1234 1080 1277 nunc
1104 1234 1205 1291 per
1221 1235 1370 1291 nova
1395 1214 1614 1277 foedera
1637 1230 1810 1279 notus
1827 1260 1850 1293 ,

329 1314 633 1389 Ausonius,
671 1336 885 1379 nornen
910 1316 1160 1389 Latium,
1191 1317 1504 1393 patriaque,
1535 1318 1828 1396 domoque

333 1416 627 1480 Gallorum
651 1432 938 1479 extremos
960 1418 1129 1491 inter,
1155 1417 1468 1494 celsamque
1492 1418 1748 1499 Pyrenen
1771 1462 1792 1495 ,

322 1519 644 1595 Temperat
664 1519 943 1594 ingenuos
968 1538 1079 1595 qua
1107 1518 1232 1579 laeta
1256 1518 1554 1595 Aquitania
1577 1538 1798 1594 mores,

332 1621 535 1686 Audax
565 1620 765 1695 exigua
781 1619 897 1683 fide
918 1620 1185 1683 concino·
1231 1618 1336 1683 Fas
1356 1618 1495 1681 mihi
1517 1618 1736 1682 sacrum
1790 1629 1802 1635 ’

339 1719 719 1785 Perstrinxiss'e
739 1718 967 1782 amnem
997 1721 1159 1782 tenui
1185 1719 1455 1786 libamine
1489 1719 1690 1785 Musae.

336 1820 465 1885 Nec
486 1822 711 1884 laudern
730 1820 958 1883 affecto·
982 1822 1224 1882 Veniam
1242 1834 1395 1897 peto.
1421 1822 1564 1883 Sunt
1582 1821 1684 1883 tibi
1705 1820 1890 1900 multi,

338 1922 504 1987 Alme
518 1925 699 1985 amnis
724 1969 743 1997 ‚
772 1923 955 1986 sacros
980 1920 1075 2000 qui
1098 1921 1398 1984 sollicitare
1425 1923 1633 1984 fluores
1816 2005 1822 2012 ·

339 2026 650 2109 Aonidum,
678 2038 973 2104 totamque
1000 2023 1186 2086 solent
1217 2022 1440 2088 haurire
1463 2024 1816 2103 Aganippea.

338 2127 436 2194 Ast
463 2147 569 2205 ego
587 2139 793 2204 quanta
815 2127 929 2188 mei
951 2128 1175 2189 dederit
1190 2125 1248 2187 se
1267 2145 1412 2188 vena
1432 2125 1666 2204 liquoris
1684 2171 1704 2200 ‚

338 2227 699 2306 Burdigalam
719 2249 895 2312 quum
920 2250 1011 2292 me
1036 2231 1096 2291 in
1122 2227 1898 2307 patriammidumq3seneetae

240 2333 247 2338 ’
341 2329 617 2407 Augustus
635 2345 816 2408 pater,
848 2333 903 2394 ἀ
932 2347 1119 2406 natus,
1150 2351 1277 2394 mea
1311 2332 1556 2394 maxima
1585 2351 1717 2394 cura
1737 2313 1787 2401 ,¹

338 2429 607 2496 Fascibus
626 2431 887 2500 Ausoniis
909 2433 1240 2495 decoratum
1267 2437 1319 2496 ἃ
1341 2432 1562 2496 honore
1589 2433 1772 2496 curuli

337 2532 603 2606 mittent,
630 2533 881 2595 emeritae
906 2533 1028 2610 post
1057 2549 1317 2610 tempora
1339 2533 1690 2610 disciplinae:

341 2632 538 2696 Latius
557 2634 749 2695 Ardtoi
775 2636 1058 2710 praeconia
1084 2633 1386 2716 persequar
1407 2635 1610 2697 amnis·

308 2739 324 2750 ”
344 2733 566 2800 Addam
590 2733 779 2806 urbeS,
804 2733 983 2796 tacito
1008 2752 1147 2811 quas
1173 2730 1566 2796 subterlaberis
1593 2731 1756 2795 alveo
1783 2751 1802 2797 ε

343 2833 684 2910 Moeniaque
708 2833 956 2910 antiquis
977 2848 1035 2894 te
1062 2833 1478 2911 prospectantia
1505 2835 1713 2895 muris:

344 2934 590 3002 Addam,
620 2934 886 3012 praelidiis
909 2935 1210 2997 dubiarum
1232 2935 1464 2998 condita
1491 2939 1674 2996 rerum
1694 2976 1716 3006 ,
1815 2947 1820 2950 ·

343 3036 457 3100 Sed
488 3037 663 3098 modo
692 3037 896 3099 securis
919 3057 1036 3098 non
1063 3036 1259 3111 castra,
1294 3036 1392 3100 sed
1425 3035 1624 3098 horrea
1651 3032 1860 3118 Belgis

339 3138 565 3214 Addam
598 3137 797 3206 felices
824 3140 946 3222 ripa
979 3159 1051 3205 ex
1082 3145 1321 3222 utraque
1354 3137 1632 3217 colonae,

1401 3250 1435 3271 l
